3992 5759
662 745 923 794 PSALTERJVM:
952 745 1000 792 IN
1024 745 1224 794 DOMINICA.

356 897 561 1024 REtribue
577 917 673 960 seruo
689 908 748 961 tuo
815 918 891 961 cum
906 899 1053 962 dilatasti
1069 919 1127 960 cor
1143 919 1262 961 meum.

691 1136 878 1215 Symbolum
894 1137 1068 1220 athanasij
1077 1139 1217 1220 episcopi.

424 1247 599 1329 Vicunque
615 1248 685 1311 vult
701 1249 814 1311 saluus
836 1269 929 1311 esse:
952 1261 1032 1312 ante
1058 1251 1171 1313 omnia
1195 1271 1281 1332 opus
1304 1260 1355 1312 est
1378 1258 1415 1312 vt
1439 1257 1552 1310 teneat

437 1335 634 1398 catholicam
652 1333 762 1398 fidem.

415 1421 527 1504 Quam
564 1423 626 1483 nisi
671 1424 812 1504 quisque
850 1423 1014 1503 integram
1052 1423 1315 1504 inuiolatamque
1351 1421 1551 1485 seruauerit:

349 1509 477 1590 absque
492 1509 595 1571 dubio
611 1511 643 1570 in
661 1525 812 1571 eternum
829 1509 956 1590 peribit.

417 1596 516 1658 Fides
531 1605 643 1658 autem
660 1595 835 1659 catholica¹
860 1596 931 1659 haec
947 1607 999 1659 est
1021 1607 1057 1659 vt
1081 1617 1181 1659 vnum
1207 1598 1307 1659 deum
1334 1597 1365 1658 in
1383 1597 1552 1658 trinitate:

349 1695 383 1745 et
399 1682 583 1744 trinitatem
599 1683 632 1743 in
648 1683 776 1745 vnitate
791 1703 994 1747 veneremur.

417 1769 533 1850 ¹N'eque
592 1769 835 1833 confundentes
893 1791 1071 1852 personas:
1154 1790 1260 1851 neque
1330 1770 1552 1832 substantiam

352 1866 554 1938 separantes.

416 1943 495 2005 Alia
509 1952 560 2005 est
583 1942 672 2004 enim
690 1963 831 2025 persona
847 1945 958 2026 patris,
974 1944 1041 2007 alia
1057 1941 1134 2007 lilii:
1157 1943 1223 2005 alia
1245 1943 1380 2024 spiritus
1395 1944 1511 2005 sancti.

416 2028 484 2092 Sed
499 2030 602 2111 patris
618 2038 653 2092 et
668 2029 725 2091 filii
741 2042 775 2093 et
789 2031 924 2112 spiritus
937 2032 1043 2093 sancti
1066 2051 1132 2094 vna
1147 2040 1198 2093 est
1225 2028 1403 2092 diuinitas:
1424 2029 1553 2111 equalis

350 2116 465 2198 gloria,
479 2125 635 2179 coeterna
651 2117 815 2179 maiestas,

417 2202 535 2285 Qualis
550 2212 654 2284 pater,
668 2202 745 2265 talis
761 2203 856 2279 filius,
872 2204 948 2265 talis
964 2204 1099 2286 spiritus
1114 2213 1257 2266 sanctus.

418 2291 589 2352 Increatus
604 2301 707 2371 pater,
724 2291 889 2353 increatus
905 2290 1012 2353 filius:
1036 2291 1202 2353 increatus
1216 2290 1351 2372 spiritus
1368 2301 1511 2353 sanctus.

419 2377 608 2439 lmmensus
623 2386 719 2457 pater
735 2401 742 2439 :
766 2378 948 2439 immensus
963 2377 1050 2440 filius
1067 2379 1248 2440 immensus
1264 2378 1398 2458 spiritus
1413 2388 1555 2440 sanctus

418 2464 563 2526 Eternus
579 2473 681 2545 pater,
697 2473 830 2526 eternus
846 2463 931 2525 filius
947 2474 1081 2527 eternus
1096 2465 1230 2547 spiritus
1253 2474 1396 2527 sanctus

420 2551 464 2613 Et
479 2560 593 2613 tamen
611 2569 678 2612 non
697 2560 764 2612 tres
779 2553 903 2613 eterni:
928 2552 985 2614 sed
1003 2571 1087 2613 vnus
1103 2563 1244 2613 eternus.

419 2638 513 2700 Sicut
529 2656 595 2698 non
611 2646 679 2698 tres
695 2637 839 2711 increati,
855 2658 916 2700 nec
939 2648 1006 2700 tres
1031 2639 1193 2713 immensi,
1207 2637 1266 2699 sed
1282 2657 1366 2700 vnus
1383 2639 1556 2709 increatus,

352 2736 386 2786 et
402 2744 487 2786 vnus
503 2725 694 2787 immensus.
1520 2728 1523 2737 '

419 2808 579 2873 Similiter
604 2812 818 2892 omnipotens
849 2821 952 2892 pater.
974 2813 1188 2894 omnipotens
1219 2810 1315 2887 tilius,
1344 2812 1555 2894 omnipotens

351 2899 485 2978 spiritus
500 2907 644 2960 sanctus.

420 2984 464 3047 Et
480 2995 592 3046 tamen
609 3003 676 3046 non
699 2994 765 3046 tres
781 2985 1036 3067 omnipotentes,
1052 2985 1109 3047 sed
1127 3006 1211 3048 vnus
1227 2986 1448 3066 omnipotens.

421 3071 474 3133 lta
488 3072 571 3133 deus
586 3082 689 3152 pater,
704 3071 787 3133 deus
803 3070 908 3134 filius:
934 3072 1017 3134 deus
1033 3073 1166 3152 spiritus
1182 3080 1324 3134 sanctus

421 3158 466 3221 Et
481 3166 595 3219 tamen
612 3177 678 3220 non
695 3167 762 3220 tres
778 3156 833 3235 dii,
848 3157 907 3221 sed
923 3179 1008 3221 vnus
1023 3167 1073 3220 est
1089 3157 1180 3222 deus.

422 3245 474 3307 lta
488 3244 644 3307 dominus
660 3253 764 3326 pater,
779 3244 935 3307 dominus
950 3243 1045 3321 lilius,
1061 3245 1216 3307 dominus
1233 3245 1366 3327 spiritus
1381 3255 1526 3307 sanctus.

420 3331 463 3393 Et
478 3341 591 3394 tamen
609 3351 676 3394 non
691 3340 759 3394 tres
774 3332 900 3394 domini
915 3356 921 3393 :
945 3331 1003 3393 sed
1019 3353 1103 3395 vnus
1119 3342 1170 3395 est
1184 3331 1349 3395 dominus.

420 3417 509 3499 Quia
534 3419 619 3480 sicut
643 3416 849 3499 singulatim2
872 3439 972 3481 vnam
990 3438 1159 3501 quamque
1183 3438 1369 3500 personam,
1395 3419 1504 3493 deum,
1519 3439 1558 3480 ac

352 3505 540 3567 dominum³
569 3503 718 3568 confiteri
751 3506 929 3568 christiana
958 3507 1098 3569 veritate
1127 3505 1374 3588 compellimur:
1413 3506 1459 3568 ita
1492 3515 1558 3568 tres

354 3592 445 3662 deos,
461 3602 520 3654 aut
535 3589 690 3654 dominos
705 3593 815 3654 dicere
830 3592 994 3655 catholica
1010 3591 1169 3674 religione
1184 3592 1406 3674 prohibemur.

424 3679 524 3740 Pater
538 3698 559 3738 a
575 3677 667 3741 nullo
682 3688 734 3740 est
750 3678 867 3752 lactus,
882 3700 943 3742 nec
958 3689 1097 3754 creatus,
1114 3700 1174 3742 nec
1190 3679 1330 3761 genitus.

424 3764 526 3827 Filius
541 3785 561 3826 a
578 3775 673 3847 patre
688 3764 760 3828 solo
775 3776 835 3842 est,
851 3786 917 3828 non
935 3765 1051 3841 factuS,
1067 3786 1128 3828 nec
1144 3776 1283 3842 creatus,
1298 3767 1356 3828 sed
1373 3767 1513 3847 genitus.

421 3851 564 3934 Spiritus
580 3862 714 3915 sanctus
729 3872 750 3912 a
766 3862 869 3934 patre,
884 3863 918 3915 et
934 3852 1022 3915 filio:
1046 3873 1112 3915 non
1137 3852 1252 3928 iactus,
1268 3872 1328 3915 nec
1343 3864 1482 3929 creatus,
1498 3873 1558 3915 nec

355 3940 498 4021 genitus,
513 3940 572 4001 sed
589 3939 780 4020 procedens

422 4025 518 4088 Vnus
533 4045 613 4107 ergo
629 4036 732 4107 pater,
747 4045 814 4088 non
838 4035 904 4088 tres
931 4036 1051 4108 patres,
1074 4046 1159 4088 vnus
1176 4026 1270 4102 filius,
1297 4046 1363 4088 non
1390 4036 1457 4088 tres
1479 4023 1558 4087 filii:

354 4132 439 4174 vnus
454 4113 587 4194 spiritus
603 4123 748 4185 sanctus
763 4133 830 4175 non
846 4121 913 4174 tres
928 4114 1063 4193 spiritus
1078 4113 1192 4175 sancti.

423 4199 467 4261 Et
483 4201 515 4261 in
532 4199 594 4262 hac
609 4200 758 4262 trinitate
773 4199 853 4261 nihil
878 4201 977 4282 prius,
991 4210 1050 4262 aut
1066 4201 1250 4282 posterius:
1274 4198 1354 4262 nihil
1372 4198 1479 4261 maius
1502 4210 1559 4262 aut

355 4286 486 4348 minus:
509 4286 568 4348 sed
584 4297 654 4350 tote
670 4296 736 4348 tres
752 4306 892 4369 persone
907 4296 1062 4349 coeterne
1075 4287 1139 4349 sibi
1154 4297 1232 4349 sunt
1247 4296 1281 4348 et
1296 4285 1478 4367 coequales.

424 4372 475 4435 lta
499 4385 535 4435 vt
560 4394 619 4454 per
640 4375 754 4436 omnia
768 4374 853 4436 sicut
877 4373 944 4436 iam
968 4393 1070 4455 supra
1095 4372 1222 4437 dictum
1247 4383 1306 4447 est,
1331 4382 1365 4435 et
1391 4373 1501 4435 vnitas
1525 4373 1557 4434 in

354 4460 521 4522 trinitate:
544 4470 577 4522 et
593 4461 723 4523 trinitas
737 4459 773 4524 in
786 4461 913 4523 vnitate
928 4460 1118 4522 veneranda
1132 4461 1183 4523 sit.

421 4545 488 4627 Qui
505 4549 596 4627 ⁴ergo
612 4546 696 4609 vult⁴
711 4545 823 4609 saluus
839 4567 931 4609 esse:
956 4548 1003 4609 ita
1017 4546 1060 4608 de
1076 4547 1223 4609 trinitate
1239 4547 1370 4609 sentiat.

405 4732 583 4783 ¹catholicae:
601 4733 641 4782 6⁶.
749 4732 851 4782 ²Thus
860 4736 912 4782 also
923 4735 962 4797 38.
993 4735 1211 4798 singillatim:41.
1227 4736 1267 4798 63.
1302 4735 1445 4800 sigillatim:
1459 4748 1498 4798 39.
1513 4746 1561 4783 etc.

403 4799 413 4825 ³
430 4799 549 4848 domum:
567 4798 607 4847 66.
747 4798 785 4835 ⁴st
801 4800 853 4848 vult
864 4815 939 4864 ergo:
959 4813 997 4862 39.
1013 4809 1060 4849 etc.
