3992 5759
758 1431 792 1502 ([
818 1426 1009 1491 SEPTEM
1050 1427 1228 1493 PSALMI

875 1588 1110 1670 penitentialem

457 1725 492 1796 (Ι
513 1719 717 1797 Notandum,
745 1724 834 1803 qaod
866 1724 1074 1805 infrasm'pa'
1095 1734 1212 1806 septem
1231 1724 1453 1805 psalmicum
1480 1723 1603 1785 letama

392 1817 424 1867 a!
445 1807 644 1870 ararr’om'bus
666 1808 821 1871 dtammr
840 1811 876 1871 in
891 1811 986 1890 seria
1008 1822 1129 1891 quarta
1143 1811 1296 1886 a'nemmr,
1311 1821 1344 1874 et
1357 1811 1393 1873 in
1407 1808 1603 1892 quibusdam

392 1894 492 1956 sextis
497 1895 599 1976 senjs
614 1896 861 1977 quadragesime
876 1908 912 1960 ot
926 1898 961 1959 in
976 1899 1024 1959 eis
1038 1898 1223 1962 adnotatur.

457 1980 657 2062 almiphona.
704 1982 756 2045 Ne
795 1985 1014 2046 reminiscaris
1051 1985 1187 2048 domine
1220 1983 1342 2048 delicta
1379 1994 1512 2047 nostra:
1549 1981 1602 2046 vel

393 2077 567 2148 parentum
585 2080 791 2132 nostrorum:
808 2090 915 2152 neque
927 2072 1109 2134 vindictam
1126 2092 1239 2134 sumas
1254 2072 1297 2134 de
1313 2072 1458 2154 peccatis
1473 2070 1603 2133 nostris

448 2152 511 2234 ps}
557 2154 703 2218 Domine
719 2176 761 2218 ne
776 2157 809 2218 in
825 2156 946 2220 furore²
1494 2156 1537 2220 fo.
1553 2172 1606 2235 29.

449 2238 514 2321 ps.3
559 2241 653 2305 Beati
670 2262 811 2324 quorum
827 2245 964 2307 remissa
1493 2244 1535 2307 lo.
1553 2259 1603 2307 22.

450 2329 515 2408 ps.⁴
559 2327 706 2392 Domine
722 2350 764 2392 ne
780 2331 813 2392 in
829 2330 951 2394 furore⁵
1493 2330 1536 2394 fo.
1553 2343 1603 2408 25.

450 2412 515 2494 Μ
561 2415 718 2478 Miserere
735 2418 799 2479 mei
816 2417 912 2479 deus²
1493 2417 1535 2481 io.
1549 2431 1602 2496 45.

449 2499 514 2581 ps.7
560 2501 707 2565 Domine
722 2504 846 2566 exaudi
863 2503 1062 2567 orationem2
1491 2505 1534 2568 s0.
1552 2504 1602 2583 56.

450 2586 514 2667 ps.⁸
559 2589 613 2652 De
628 2589 800 2672 profundis
816 2591 958 2653 clamaui
1492 2592 1534 2655 fo.
1553 2605 1602 2670 57.

450 2673 514 2755 ps.⁹
558 2677 705 2740 Domine
721 2677 845 2739 exaudi
862 2677 1061 2740 orationem³
1493 2677 1534 2741 so.
1555 2693 1602 2756 17.

470 2810 550 2874 Yrie
574 2812 708 2876 eleison.
753 2812 885 2877 Christe
912 2813 1046 2877 eleison.
1092 2811 1224 2877 Christe
1250 2813 1327 2876 audi
1355 2832 1425 2876 nos.
1470 2811 1603 2877 Christe

513 2900 723 2963 exaudinos.

461 2984 559 3048 Pater
574 2986 616 3048 de
631 2987 710 3048 celis
725 2986 816 3062 deus,
832 2989 985 3050 miserere
1002 2987 1108 3051 nobis.

460 3071 523 3134 Fili
540 3075 732 3155 redemptor
747 3074 862 3136 mundi
879 3074 970 3149 deus,
986 3075 1140 3137 miserere
1156 3073 1260 3137 nobis

461 3156 604 3240 Spiritus
620 3170 735 3223 sancte
751 3160 853 3237 Deus,
868 3162 1024 3223 miserere
1040 3161 1143 3225 nobis.

460 3243 586 3308 Sancta
603 3248 734 3309 trinitas
749 3268 835 3309 vnus
850 3248 932 3310 deus
948 3249 1103 3311 miserere
1119 3247 1223 3311 nobis.

460 3331 585 3396 Sancta
603 3333 719 3409 Maria,
1532 3352 1599 3395 ora.

460 3418 585 3483 Sancta
602 3420 654 3482 dei
671 3422 826 3502 genitrix,
1532 3439 1599 3481 ora.

461 3505 586 3570 Sancta
602 3509 696 3587 virgo
711 3508 888 3590 virginum,
1534 3525 1602 3570 ora

461 3592 585 3657 Sancte
603 3593 757 3670 Michael,
1534 3613 1603 3657 ora

461 3679 584 3744 Sancte
607 3679 751 3756 Gabriel,
1535 3699 1601 3742 ora

462 3766 587 3830 Sancte
604 3767 766 3849 Raphael,
1536 3786 1604 3830 ora

462 3853 591 3916 Omnes
607 3855 712 3916 sancti
729 3853 850 3937 angeli,
865 3862 898 3915 et
914 3852 1114 3935 archangeli,
1129 3862 1223 3916 orate
1239 3872 1299 3934 pro
1314 3852 1418 3916 nobis.

462 3939 591 4003 Omnes
607 3942 713 4003 sancti
730 3941 903 4003 beatorum
921 3941 1095 4022 spirituum
1112 3940 1253 4014 ordines,
1268 3949 1360 4002 orate
1383 3959 1444 4021 pro
1459 3939 1563 4002 nobis.

463 4026 586 4089 Sancte
604 4026 747 4090 Ioannes
771 4027 930 4110 Baptista.
1539 4045 1608 4090 ora

464 4112 595 4175 Omnes
610 4117 715 4177 sancti
733 4115 920 4197 patriarche
935 4124 969 4176 et
985 4113 1155 4197 prophete,
1167 4123 1259 4175 orate
1275 4133 1335 4195 pro
1350 4113 1455 4178 nobis.

464 4200 587 4262 Sancte
604 4201 700 4263 Petre
1538 4219 1605 4262 ora

463 4287 586 4349 Sancte
611 4287 711 4349 Paule
1537 4305 1603 4349 ora

466 4372 588 4435 Sancte
604 4373 742 4436 Andrea
932 4384 934 4387 ’
1535 4392 1603 4436 ora.

467 4458 591 4522 Sancte
610 4459 731 4523 lacobe
1537 4478 1606 4524 ora.

449 4617 457 4647 ¹
476 4619 533 4680 [vi]
544 4620 584 4669 60.
599 4620 639 4684 63.
648 4622 832 4715 pn‘atpsalms⁸
839 4621 937 4696 rhesull.
1005 4618 1017 4651 ²
1025 4622 1051 4686 j.
1065 4620 1120 4669 aaa
1136 4632 1175 4684 39.
1189 4633 1229 4681 41.
1330 4616 1341 4648 ³
1357 4618 1433 4679 [xxxi.

449 4683 593 4811 till]
820 4686 1067 4812 aral
1327 4682 1449 4811 ‘lili
