3992 5759
658 732 849 783 ooalmlca
873 733 1011 782 TERTIA
1030 734 1126 782 POST
1139 734 1367 786 ADJ'ENTUM.
1586 736 1618 798 63

406 897 441 948 et
454 898 532 948 tunc
541 890 594 965 (vt
606 884 813 949 breuiarium
823 886 986 949 concordet
998 907 1070 949 cum
1082 887 1225 961 missali)
1243 888 1340 950 tertia
1355 888 1443 951 lectio
1457 889 1527 950 erit.
1577 890 1615 951 ln

410 972 467 1035 illo
481 985 642 1056 tempore,
657 974 773 1056 nuptie
789 973 876 1036 lacte
891 983 969 1036 sunt
991 983 1044 1036 etc.
1091 973 1206 1037 Oratio
1229 974 1454 1057 Omnipotens
1468 986 1520 1040 etc.
1536 998 1617 1058 quas

410 1061 556 1122 inuentis
570 1060 606 1122 in
632 1058 796 1123 dominica
812 1061 928 1141 prima
954 1061 1157 1142 vagantibus.
1218 1061 1259 1124 ln
1285 1062 1364 1143 alrjs
1385 1072 1493 1125 autem
1517 1064 1616 1125 annis

406 1147 601 1228 serrrpenlrcc
613 1147 775 1210 domenico
788 1147 854 1210 erit
868 1147 962 1225 infra
972 1157 1120 1209 octauam
1131 1146 1298 1228 epiphanie
1312 1158 1344 1210 et
1356 1150 1403 1211 sic
1416 1149 1513 1212 tertio
1527 1149 1617 1212 lectio

410 1245 443 1295 rt
456 1235 562 1296 oratio
577 1244 676 1296 errent
690 1234 905 1315 r'nsrascn'ptc.

707 1425 739 1495 (I
762 1419 792 1481 T
788 1419 872 1481 emb
887 1419 976 1481 lecto
990 1418 1163 1481 secundum
1180 1417 1324 1481 Lucam.l

447 1531 539 1594 *Vm
574 1531 680 1594 lactus
709 1542 797 1593 esset
827 1531 919 1593 lesus
945 1550 1108 1593 annorum
1141 1531 1328 1606 duodecim,
1358 1530 1613 1595 ascendentibus

444 1705 466 1765 l·
486 1618 551 1680 illis
584 1618 824 1699 lerosolymam
855 1616 1038 1681 secundum
1064 1619 1338 1681 consuetudinem
1363 1619 1427 1681 diei
1455 1619 1548 1682 sesti:
1579 1631 1613 1682 et

408 1725 543 1786 reiqua.

842 1888 995 1951 Homolio
1019 1889 1178 1970 Orrgcnis.

469 2002 534 2063 Ver
549 2003 642 2064 lesus
658 2001 845 2064 crescebat:
860 2011 894 2063 et
910 2000 1177 2063 confortabatur:
1193 2011 1227 2062 et
1240 2000 1429 2082 replebatur
1439 2003 1612 2083 sapientia.

484 2089 561 2151 Hoc
577 2089 749 2151 hominum
767 2099 884 2150 natura
903 2107 970 2150 non
998 2088 1123 2168 recipit,
1138 2097 1175 2149 vt
1200 2095 1280 2149 ante
1303 2088 1480 2151 duodecim
1504 2109 1610 2151 annos

404 2176 569 2258 sapientia
606 2175 822 2256 compleatur.
884 2174 987 2236 Aliud
1025 2183 1076 2236 est
1121 2175 1209 2236 enim
1248 2183 1450 2256 potestatem
1488 2175 1610 2239 habere

401 2264 577 2344 sapientie,
600 2262 691 2325 aliud
706 2260 883 2344 2sapientia
909 2281 981 2322 esse
1007 2259 1234 2341 completum.2
1295 2261 1371 2323 Non
1399 2262 1610 2344 ambigamus

404 2370 486 2431 ergo
512 2350 663 2413 diuinum
687 2348 814 2430 aliquid
841 2349 874 2411 in
903 2348 978 2411 lesu
1002 2368 1101 2410 carne
1126 2348 1328 2429 apparuisse,
1342 2360 1376 2411 et
1402 2369 1468 2411 non
1499 2350 1607 2413 solum

401 2457 503 2518 super
541 2437 723 2512 hominem,
758 2435 830 2499 ³sed
867 2455 967 2518 super
1011 2433 1161 2497 omnem³
1197 2454 1331 2516 quoque
1377 2433 1607 2499 rationabilem

403 2533 590 2586 creaturam
628 2522 805 2585 crescebat.
853 2521 1098 2584 Humiliauerat
1135 2522 1223 2584 enim
1269 2541 1305 2583 se
1343 2521 1483 2584 formam
1522 2526 1608 2586 serui

401 2613 589 2692 accipiens:
627 2621 660 2672 et
690 2611 808 2673 eadem
839 2610 960 2671 virtute
990 2629 1055 2690 qua
1088 2629 1123 2670 se
1161 2607 1393 2670 humiliauerat
1430 2610 1606 2673 crescebat.
1711 2647 1716 2654 ·

404 2697 619 2779 Apparuerat
635 2696 802 2760 infirmus:
825 2697 903 2777 quia
919 2694 1086 2758 infirmum
1115 2715 1235 2775 corpus
1259 2707 1492 2776 assumpserat,
1507 2707 1542 2760 et
1564 2697 1609 2760 ob

402 2784 435 2845 id
468 2787 655 2865 iterumque
684 2784 934 2846 confortabatur
965 2783 1009 2844 Et
1039 2790 1262 2845 euacuauerat
1292 2802 1328 2843 se
1360 2780 1446 2844 filius
1484 2783 1535 2846 dei
1574 2796 1609 2847 et

401 2882 578 2953 propterea
595 2890 722 2933 mrsum
738 2870 968 2952 complebatur
983 2870 1145 2951 sapientia
1167 2878 1201 2931 et
1224 2870 1331 2950 gratia
1348 2869 1486 2932 deierat
1508 2891 1608 2953 super

402 2978 505 3020 eum:
552 2958 629 3020 Non
667 2958 804 3039 quando
842 2957 932 3020 venit
969 2957 1012 3018 ad
1051 2955 1321 3030 adolescentiam,
1359 2977 1424 3018 non
1470 2957 1607 3038 quando

402 3045 579 3108 manifeste
616 3043 767 3120 docebat,
805 3045 862 3106 sed
900 3043 1010 3105 adbuc
1034 3063 1109 3104 curn
1148 3052 1235 3105 esset
1267 3043 1423 3124 paruulus
1461 3043 1605 3107 habebat

400 3134 544 3212 gratiam
561 3131 623 3194 dei.
669 3132 713 3193 Et
729 3131 878 3212 quando⁴
893 3130 1006 3192 omnia
1023 3131 1054 3192 in
1072 3130 1128 3191 illo
1155 3128 1318 3191 mirabilia
1335 3130 1487 3193 suerunt:
1510 3132 1557 3193 ita
1573 3133 1604 3194 in

402 3220 542 3300 pueritia
579 3217 738 3280 mirabilis
777 3217 838 3280 luit
869 3229 904 3279 vt
935 3218 987 3278 dei
1020 3218 1183 3297 sapientia
1214 3217 1444 3298 compleretur.
1507 3217 1606 3281 lbant

401 3306 515 3386 itaque
543 3317 696 3387 parentes
727 3306 797 3376 eius
828 3307 923 3366 iuxta
953 3304 1226 3365 consuetudinem
1259 3305 1290 3364 in
1325 3304 1529 3366 Ierusalem:
1562 3307 1604 3367 ad

398 3391 571 3454 solennem
599 3392 687 3454 diem
714 3392 847 3454 Pasche.
905 3391 949 3453 Et
974 3411 1050 3452 cum
1079 3389 1184 3453 sactus
1208 3400 1296 3452 esset
1325 3390 1415 3451 lesus
1440 3410 1603 3454 annorum

398 3479 586 3542 duodecim.
643 3478 828 3559 Diligenter
861 3479 1012 3543 obserua.
1075 3478 1267 3557 Priusquam
1307 3476 1482 3538 duodecim
1518 3489 1604 3540 esset

398 3585 583 3628 annorum:
619 3566 783 3646 sapientia
811 3567 864 3627 dei
895 3576 929 3626 et
960 3575 1070 3626 cetera
1107 3583 1173 3644 que
1210 3563 1333 3644 scripta
1371 3573 1448 3625 sunt
1485 3563 1528 3627 de
1565 3585 1605 3627 eo

398 3651 661 3734 complebantur.
730 3652 814 3716 Cum
861 3672 940 3734 ergo
993 3652 1044 3730 (vt
1088 3650 1251 3730 diximus)
1295 3650 1471 3712 duodecim
1518 3664 1605 3714 esset

397 3759 581 3802 annorum:
604 3749 638 3802 et
660 3739 755 3801 iuxta
780 3739 919 3800 morcm⁵
935 3738 1006 3799 dies
1030 3736 1237 3799 solennitatis
1259 3738 1384 3817 expleti
1408 3749 1540 3801 essent:
1572 3750 1605 3801 et

396 3836 642 3888 reuerterentur
679 3836 833 3906 parentes
867 3845 942 3887 cum
975 3824 1139 3886 infantulo
1173 3823 1247 3884 lesu
1279 3826 1438 3886 remansit
1469 3846 1549 3906 puer
1572 3827 1603 3887 in

398 3913 580 3974 ierusalem
596 3926 629 3975 et
647 3913 839 3974 nesciebant
855 3921 1009 3994 parentes
1033 3912 1111 3973 eius.

910 4147 943 4214 (l
962 4139 1086 4202 Oratio.

396 4279 535 4407 VOta
565 4298 746 4360 quesumus
776 4275 1159 4358 domineysupplicantis
1191 4273 1305 4355 populi
1336 4273 1448 4335 celesti
1480 4274 1603 4354 pietate

480 4385 698 4448 prosequere:
714 4375 750 4427 vt
765 4376 798 4428 et
814 4385 878 4447 que
894 4363 1025 4445 agenda
1041 4377 1128 4432 sunt,
1145 4361 1299 4422 videant:
1315 4371 1348 4422 et
1364 4360 1406 4422 ad
1424 4359 1602 4440 implenda.

387 4473 457 4534 que
472 4453 624 4526 viderint,
640 4452 883 4515 conualescant.
932 4451 991 4513 Per
1007 4450 1179 4511 dominum
1198 4460 1357 4510 nostrum.
1373 4457 1433 4510 etc.

439 4699 445 4727 ¹
464 4700 510 4749 Ca
526 4711 548 4746 2.
564 4700 593 4746 r'n
605 4716 638 4746 m.
1019 4691 1074 4726 Η
1090 4692 1239 4756 sapientiam
1252 4707 1306 4741 esse
1317 4691 1468 4755 completum
1480 4707 1486 4737 ε
1506 4689 1588 4750 4466.

437 4764 492 4801 ⁴-2
508 4780 555 4812 om.
570 4762 609 4825 38.
826 4759 837 4788 ⁴
853 4759 998 4825 quomodo:
1018 4770 1050 4821 39
1062 4769 1109 4807 etc.
1326 4754 1336 4784 ³
1353 4771 1465 4805 morum:
1485 4767 1523 4817 39.
