3992 5759
509 748 683 799 sarrano
710 749 930 799 noirrurcaa
955 750 1005 799 ιν.
1038 749 1372 810 oononnoasnuaa.
1509 756 1553 808 115

344 900 495 965 Lazarus
521 899 757 967 infirmabatur.
803 902 967 966 Miserunt
981 922 1063 986 ergo
1085 922 1215 965 sorores
1230 903 1272 964 ad
1288 922 1364 965 eum
1382 901 1531 964 dicentes
1546 923 1552 961 :

345 987 501 1052 Domine
548 988 637 1053 Ecce
662 1009 761 1071 quem
787 1009 882 1052 amas
907 987 1101 1052 infirmatur.
1149 989 1220 1052 Iam
1243 987 1458 1071 intelligimus
1472 983 1550 1069 qu0¹

344 1074 507 1139 miserunt
516 1077 571 1139 vbi
581 1089 653 1139 erat
665 1078 826 1152 dominus,
837 1078 996 1158 quoniam
1007 1078 1127 1139 absens
1141 1085 1220 1139 erat.
1253 1075 1361 1139 Trans
1375 1073 1550 1138 Iordanem

343 1162 471 1226 scilicet
487 1163 647 1226 miserunt
662 1163 704 1226 ad
721 1165 914 1226 dominum:
938 1164 1130 1226 nuntiantes
1156 1162 1246 1244 quod
1270 1172 1437 1244 egrotaret
1452 1160 1552 1223 irater

343 1268 469 1323 earum,
485 1258 522 1312 vt
537 1250 729 1331 dignaretur
743 1251 855 1312 venire
877 1259 911 1313 et
935 1271 1012 1312 eum
1036 1249 1080 1312 ab
1102 1249 1289 1333 egritudine
1315 1248 1473 1312 liberare:
1497 1247 1551 1311 ille

343 1335 475 1400 distulit
490 1356 608 1399 sanare
623 1347 660 1400 vt
675 1347 787 1419 posset
814 1338 1015 1400 resuscitare.
1061 1336 1150 1418 Quid
1167 1355 1248 1417 ergo
1270 1337 1552 1398 annuntiauerunt

343 1442 473 1486 sorores
496 1425 591 1486 eius?
652 1423 806 1498 Domine,
836 1444 913 1486 ecce
950 1444 1050 1505 quem
1089 1444 1182 1486 amas
1221 1423 1412 1486 infirmatur.
1473 1422 1550 1484 Non

342 1509 503 1573 dixerunt
530 1515 613 1573 veni.
674 1510 813 1574 Amanti
843 1512 931 1572 enim
963 1511 1199 1573 tantummodo
1228 1509 1449 1573 nuntiandum
1480 1507 1550 1571 suit.

345 1595 423 1658 Non
440 1617 520 1659 ause
534 1606 614 1660 sunt
636 1596 764 1660 dicere:
786 1598 871 1673 veni,
887 1608 920 1660 et
944 1618 1044 1660 sana:
1069 1617 1134 1660 non
1160 1616 1240 1660 ause
1267 1607 1344 1659 sunt
1370 1597 1479 1659 dicere
1506 1594 1549 1657 ibi

341 1682 421 1747 iube
435 1683 537 1746 ethic
553 1682 619 1760 fiet,
634 1681 702 1748 Cur
716 1684 805 1746 enim
822 1705 888 1746 non
904 1694 939 1747 et
954 1686 1016 1747 iste
1032 1686 1116 1747 sicut
1132 1682 1213 1746 fides
1239 1683 1326 1746 illius
1350 1682 1551 1746 centurionis

342 1769 423 1833 inde
452 1770 631 1834 laudatur?
688 1771 747 1833 Ait
773 1773 884 1834 enim:
940 1771 1016 1833 Non
1042 1792 1114 1833 sum
1139 1772 1269 1852 dignus,
1295 1779 1331 1832 vt
1357 1771 1459 1832 intres
1488 1769 1551 1831 sub

342 1867 471 1920 tectum
497 1877 617 1931 meum,
642 1859 700 1920 sed
729 1867 859 1921 tantum
885 1857 938 1920 dic
954 1858 1056 1920 verbo
1079 1867 1113 1920 et
1137 1858 1307 1920 sanabitur
1333 1877 1414 1940 puer
1438 1876 1550 1919 meus:

343 1943 426 2007 nihil
449 1944 566 2007 horum
590 1945 659 2007 iste.
707 1943 774 2008 Sed
790 1945 1033 2008 tantummodo.
1081 1944 1235 2020 Domine,
1249 1964 1325 2006 ecce
1341 1962 1441 2024 quem
1457 1962 1551 2004 amas

343 2029 536 2095 infirmatur.
599 2030 730 2095 Sufficit
756 2042 791 2094 vt
822 2033 953 2094 noueris
985 2051 1051 2094 non
1082 2032 1171 2093 enim
1202 2051 1317 2094 amas:
1354 2040 1388 2092 et
1418 2028 1550 2092 deseris.

345 2115 415 2181 Sed
437 2118 526 2182 dicet
548 2117 688 2199 aliquis:
727 2117 909 2201 Quomodo
933 2138 991 2201 per
1017 2119 1179 2181 Lazarum
1206 2128 1360 2200 peccator
1386 2115 1552 2199 significa-

344 2203 455 2267 batur²
476 2216 511 2269 et
532 2226 552 2267 a
583 2204 721 2268 domino
750 2208 797 2267 sic
831 2206 1031 2267 amabatur?
1085 2204 1213 2267 Audiat
1250 2225 1325 2266 eum
1364 2203 1550 2266 dicentem:

346 2290 423 2353 Non
439 2293 515 2354 veni
531 2311 650 2354 vocare
666 2294 779 2366 iustos
794 2292 852 2354 sed
869 2288 1081 2373 peccatores.3

888 2427 1010 2493 Oratio,

351 2541 491 2670 DEus
514 2541 570 2623 qui
594 2540 818 2604 ineffabilibus
846 2539 1008 2602 mundum
1036 2559 1177 2602 renouas
1204 2540 1419 2602 sacramentis
1442 2549 1553 2620 presta

434 2648 623 2711 quesumus,

639 2641 675 2690 vt
699 2627 838 2691 ecclesia
865 2638 922 2690 tua
947 2637 981 2690 et
1007 2628 1129 2689 eternis
1157 2624 1307 2709 proficiat
1329 2626 1496 2700 institutis
1519 2635 1552 2686 et

342 2717 584 2798 temporalibus
600 2734 667 2777 non
683 2715 883 2777 destituatur
897 2713 1049 2794 auxilijs:
1074 2734 1139 2795 per.

408 2803 517 2865 Hodie
530 2801 666 2864 ⁴dicitur
678 2801 891 2863 υιαῑιιῐίηιιυι4
898 2811 961 2882 pro
976 2801 1143 2880 defunctis.

644 2969 678 3039 (Ι
696 2962 836 3026 Sabbata
850 2983 890 3025 ex
905 2961 1041 3026 Genesi.·'¹
1085 2962 1190 3025 Lectio
1206 2963 1234 3026 .i.

418 3076 560 3138 Braham
577 3097 655 3137 vero
671 3076 770 3138 aliam
788 3077 887 3138 duxit
899 3096 1038 3138 vxorem
1113 3096 1224 3137 coram
1248 3074 1375 3136 cunctis
1398 3072 1552 3136 fratribus

437 3164 506 3226 suis
521 3162 614 3245 objit.

659 3304 693 3374 (Ι
708 3298 764 3361 Ex
776 3298 907 3379 epistola
923 3297 1051 3361 lacobi.l
1081 3298 1187 3360 Lectio
1206 3300 1247 3380 ij.

344 3410 494 3539 AGite
510 3431 597 3474 nunc
613 3409 732 3473 divites
806 3411 933 3491 operiet
951 3409 1198 3472 multitudinem
1217 3419 1436 3491 peccatorum.

619 3622 653 3692 (Ι
673 3616 785 3679 Tertia
800 3616 887 3678 lectio
902 3616 1074 3678 srmndmn
1091 3613 1266 3680 [ormnem.7

384 3728 414 3790 N
433 3728 491 3791 illo
506 3739 665 3811 tempore,
682 3728 816 3791 dicebat
835 3728 927 3791 Iesus
943 3729 1048 3790 turbis
1080 3728 1257 3791 iudeorum
1286 3728 1362 3809 Ego
1388 3747 1461 3790 sum
1487 3727 1546 3790 lux

404 3817 529 3878 mundi.
575 3814 641 3897 Qui
658 3818 806 3897 sequitur
822 3836 874 3877 me
892 3835 959 3877 non
976 3817 1126 3878 ambulat
1144 3816 1176 3876 in
1193 3814 1354 3877 tenebris:
1370 3814 1427 3877 sed
1446 3815 1545 3877 habe·

338 3901 389 3965 bit
404 3902 518 3965 lumen
534 3903 609 3966 vite.
650 3903 694 3965 Et
710 3904 843 3983 reliqua.

622 4057 656 4127 (Ι
671 4049 847 4128 Horizelia'r
861 4072 885 4114 s.
903 4051 1089 4132 Augustini
1102 4050 1240 4132 ‹sst'scopi

411 4163 491 4227 Vod
501 4183 589 4227 nunc
598 4164 644 4226 ait
656 4163 810 4225 dominus
823 4187 830 4224 ε
841 4162 916 4243 Ego
928 4183 1003 4225 sum
1021 4162 1078 4224 lux
1095 4161 1227 4224 mundi:
1242 4161 1366 4224 clarum
1381 4172 1462 4243 puto
1472 4182 1544 4224 esse

433 4251 553 4332 eisqui
569 4250 694 4313 habent
709 4249 831 4326 oculos,
846 4253 934 4312 vnde
950 4250 1046 4311 huius
1063 4249 1143 4311 lucis
1159 4249 1335 4331 participes
1354 4249 1441 4310 fiant
1475 4248 1541 4331 Qui

336 4353 528 4403 autemnon
542 4337 666 4401 habent
681 4337 796 4399 oculos
812 4336 874 4398 nisi
887 4338 919 4398 in
932 4335 1003 4398 sola
1016 4357 1114 4397 carne
1128 4334 1301 4398 mirantur⁸
1311 4337 1399 4415 quod
1414 4334 1539 4399 dictum

336 4435 387 4488 est
401 4446 423 4488 a
439 4425 576 4488 domino
595 4425 669 4488 Iesu
686 4421 843 4488 Christo:
868 4423 942 4505 Ego
958 4443 1032 4485 sum
1050 4423 1108 4485 lux
1126 4423 1249 4485 mundi.
1296 4422 1341 4484 Et
1362 4421 1446 4483 sorte
1474 4442 1538 4485 non

489 4628 496 4640 .
986 4608 997 4639 2
1027 4610 1032 4620 ·
1071 4609 1075 4619 ·
1173 4628 1179 4639 .

383 4608 395 4706 ζ
409 4610 662 4739 {indimidiata
676 4675 716 4738 63.
984 4610 1179 4723 *jlgiliiiiiiriii
1187 4609 1246 4723 iiii.
1260 4674 1299 4723 66.

383 4738 394 4770 ⁸
409 4741 456 4792 Ca.
470 4752 501 4805 25
513 4742 543 4789 in
554 4757 588 4791 m.
600 4741 669 4802 [xxv.
687 4740 770 4801 1-18.]
985 4738 997 4769 ⁰
1014 4741 1058 4789 Ca.
1074 4751 1087 4802 5
1099 4741 1128 4788 in
1140 4757 1173 4788 m.
1187 4740 1221 4799 [v.
1239 4742 1322 4800 1-2o.]

381 4804 454 4858 'Ca-
469 4805 526 4856 sin
537 4822 570 4855 ur.
986 4804 997 4834 ⁸
1013 4814 1130 4855 miratur:
1147 4818 1187 4867 43.
