3992 5759
472 731 588 781 FERIA
625 732 668 782 VI.
699 732 920 783 DOMINICAE
947 734 1002 783 ΙΙΙ.
1035 734 1369 795 QUADRAGESIMAE.
1474 746 1519 796 107

309 882 470 1034 lSiimopis.
519 882 642 948 Socrus
678 895 792 949 autem
825 883 973 949 Simonis
1004 886 1180 950 tenebatur
1211 887 1341 968 magnis
1364 887 1518 951 febribus.

343 981 411 1034 tre
425 991 518 1053 iqua

613 1159 655 1223 H
652 1160 765 1223 orm‘lztz
778 1163 887 1224 sancti
897 1161 929 1224 A
934 1162 1071 1244 mbrosij
1082 1162 1221 1244 episcopi.

313 1289 446 1418 Vlde
458 1289 672 1353 clementiam
680 1289 807 1353 domini
816 1290 1006 1354 saluatoris:
1024 1311 1083 1354 nec
1097 1291 1520 1374 indignationecommotus

398 1396 460 1439 nec
490 1375 615 1439 scelere
636 1376 793 1452 offensus,
809 1397 870 1439 nec
892 1378 1011 1441 iniuria
1031 1377 1174 1441 violatus
1193 1379 1331 1442 ludeam
1353 1377 1519 1442 deseruit.¹

313 1462 513 1545 Quinetiam
544 1465 724 1526 immemor
748 1465 873 1539 iniurie,
896 1485 1025 1527 memor
1040 1465 1224 1541 clementie,
1240 1485 1328 1528 nunc
1359 1465 1521 1540 docendo,

312 1570 402 1613 nunc
417 1549 612 1613 liberando:
635 1570 723 1614 nunc
735 1550 907 1626 sanando,2
919 1551 1026 1633 plebis
1043 1551 1142 1615 corda
1155 1552 1328 1616 demulcet.
1376 1553 1421 1615 Et
1437 1552 1522 1615 bene

312 1646 452 1700 sanctus
483 1636 593 1700 Lucas
608 1638 716 1700 virum
731 1658 751 1700 a
767 1638 884 1719 spiritu
916 1639 1062 1719 nequitie
1078 1639 1252 1702 liberatum
1269 1649 1347 1702 ante
1370 1639 1521 1721 premisit

312 1734 348 1787 et
362 1724 536 1787 substituit
550 1723 673 1786 semine
688 1725 874 1788 sanitatem.
920 1725 1110 1806 Vtrumque
1124 1726 1214 1789 enim
1230 1747 1350 1789 sexum
1366 1725 1523 1789 dominus

313 1820 490 1874 curaturus
504 1810 695 1874 aduenerat.
742 1812 787 1875 Et
810 1813 918 1893 primo
933 1812 1065 1875 sanarel
1080 1813 1194 1876 debuit
1217 1814 1273 1894 qui
1290 1815 1377 1896 prior
1392 1822 1521 1875 creatus

312 1908 374 1960 est.
421 1898 492 1961 Nec
523 1899 719 1985 pretermitti
751 1899 808 1961 illa
838 1898 953 1962 debuit
978 1919 1043 1980 que
1074 1900 1259 1963 mobilitate
1283 1902 1390 1982 magis
1419 1899 1522 1962 animi

312 2003 416 2066 quam
433 1985 600 2066 prauitate
621 1995 826 2068 peccauerat.
872 1985 1023 2049 Sabbato
1038 1986 1204 2048 dominice
1229 1986 1392 2049 medicine
1414 2006 1525 2068 opera,

314 2087 416 2154 cepta
445 2071 666 2153 significant⁴z
699 2072 749 2136 vt⁵
779 2072 857 2135 inde
886 2083 1038 2136 creatura
1061 2093 1149 2136 noua
1179 2076 1321 2156 ceperit:
1344 2073 1398 2136 vbi
1429 2084 1525 2136 vetus

313 2168 468 2221 creatura
489 2168 569 2221 ante
590 2158 741 2223 desierat.
788 2160 859 2222 Nec
882 2160 1034 2241 sublege
1056 2181 1128 2222 esse
1144 2161 1196 2224 dei
1213 2160 1327 2235 filium,
1349 2160 1407 2223 sed
1423 2180 1523 2241 supra

315 2243 426 2327 legem
442 2245 477 2307 in
487 2245 559 2327 ipso
574 2246 737 2328 principio
748 2245 955 2326 designaret:
980 2267 1040 2309 nec
1051 2248 1133 2309 solui
1152 2248 1258 2331 legem
1273 2248 1330 2310 sed
1340 2247 1524 2330 adimpleri.

317 2330 439 2414 Neque
469 2334 558 2394 enim
589 2352 647 2413 per
677 2333 795 2416 legem,
825 2333 883 2395 sed
914 2333 1015 2396 verbo
1046 2334 1151 2397 iactus
1181 2346 1233 2398 est
1264 2335 1415 2410 mundus,
1440 2335 1525 2396 sicut

315 2417 468 2500 legimus.
513 2419 627 2481 Verbo
642 2419 767 2482 domini
783 2420 844 2482 celi
855 2419 976 2484 firmati
993 2431 1077 2484 sunt
1125 2422 1201 2484 Non
1219 2420 1358 2484 soluitur
1372 2441 1452 2502 ergo
1468 2421 1524 2483 lex

315 2505 376 2568 sed
404 2504 563 2587 impletur
584 2516 620 2568 vt
636 2506 694 2570 fiat
720 2509 893 2570 renouatio
907 2507 1052 2569 hominis
1078 2509 1143 2572 iam
1170 2509 1321 2572 labentis.
1366 2508 1465 2570 Vnde
1492 2516 1526 2569 et

318 2593 495 2674 apostolus
512 2594 577 2655 ait:
595 2592 818 2675 Expoliantes
829 2616 888 2656 vos
898 2606 1045 2656 veterem
1063 2596 1243 2670 hominem,
1255 2596 1382 2658 induite
1398 2614 1524 2657 nouum

316 2679 375 2760 qui
391 2679 575 2743 secundum
593 2679 775 2744 Christum⁶
797 2694 927 2743 creatus
947 2692 1007 2745 est.
1054 2682 1098 2745 Et
1115 2682 1199 2744 bene
1222 2682 1363 2745 sabbato
1378 2684 1475 2763 cepit,
1490 2690 1526 2743 vt

318 2767 393 2848 ipse
417 2786 453 2828 se
468 2767 662 2830 ostenderet
687 2777 884 2842 curatorem,
901 2769 958 2849 qui
985 2789 1087 2850 opera
1103 2769 1259 2850 operibus
1285 2770 1469 2832 intexeret:
1492 2777 1528 2832 et

318 2864 577 2935 prosequeretur
599 2874 683 2935 opus
706 2855 795 2935 quod
819 2856 890 2935 ipse
914 2859 980 2918 iam
1005 2866 1146 2937 ceperat,
1162 2868 1197 2918 vt
1221 2857 1248 2917 si
1272 2855 1364 2918 laber
1386 2855 1525 2917 domum

318 2959 481 3002 renouare
503 2942 670 3022 disponat,
686 2961 750 3003 non
775 2962 795 3004 a
819 2942 1045 3005 fundamentis
1061 2942 1120 3005 sed
1143 2963 1163 3005 a
1186 2943 1385 3005 culminibus
1411 2941 1527 3023 incipit

318 3025 450 3089 soluere
465 3025 688 3091 vetustatem?

870 3222 992 3288 Oratio

323 3349 555 3482 SVbiectum
580 3353 640 3414 tibi
664 3353 824 3435 populum
842 3373 1024 3434 quesumus
1040 3352 1175 3415 domine
1192 3353 1382 3435 propitiatio
1399 3351 1530 3414 celestis

320 3524 344 3587 d
389 3437 579 3536 amplificet,
616 3449 650 3502 et
688 3441 755 3503 tuis
792 3460 923 3523 semper
961 3440 1060 3502 faciat
1099 3442 1221 3502 seruire
1245 3440 1420 3502 mandatis.
1468 3439 1531 3501 Per

346 3544 507 3588 ominum.

555 3724 588 3793 (I
604 3717 703 3780 Faria
716 3727 807 3780 sexta
821 3738 860 3779 ex
877 3715 1013 3780 Genesi.8
1057 3717 1163 3780 Lectio
1172 3717 1293 3798 prima.

330 3844 507 3973 EOdem
532 3854 682 3927 tempore
702 3845 788 3908 dixit
806 3844 1013 3944 Abimclech,
1029 3855 1071 3945 ‘et
1098 3845 1234 3945 Phichol
1261 3845 1466 3926 princeps
1487 3843 1533 3906 Et

411 3930 473 3994 furt
489 3932 625 3994 colonus
641 3941 726 3995 terre
744 3932 985 3995 Palestinorum
1003 3932 1120 3995 drebus
1136 3931 1257 3995 multrs.

508 4135 613 4211 CIEx
625 4135 755 4216 epistole
762 4135 877 4216 prima
891 4134 1048 4199 loamris.⁹
1093 4135 1200 4198 Lectio
1213 4135 1359 4198 secunda.

404 4262 493 4326 Mnis
509 4264 565 4344 qui
581 4262 686 4327 credit
701 4264 858 4344 quoniam
874 4264 974 4340 lesus,
986 4274 1037 4326 est
1054 4264 1214 4340 Christus
1229 4283 1274 4325 ex
1290 4263 1355 4325 deo
1371 4271 1536 4325 natusest

477 4350 595 4426 Filioli,
611 4350 777 4414 custodite
793 4371 852 4413 vos
867 4351 1120 4414 a'simulachris.
1166 4351 1287 4414 Arnen.

377 4587 384 4618 ¹
402 4587 511 4638 deserit:
529 4587 568 4636 61.
778 4585 919 4637 ²insidise:
938 4589 992 4636 add
1009 4587 1048 4636 61.
1086 4587 1189 4637 insidoe:
1208 4589 1262 4635 add.
1278 4586 1317 4646 64.

374 4652 386 4683 ³
403 4653 502 4703 sanari:
521 4665 553 4715 39
563 4662 610 4702 ete.
776 4651 787 4682 ⁴
803 4652 942 4718 signifieat:
960 4653 999 4702 60.
1015 4653 1054 4702 61.
1069 4653 1108 4713 64
1278 4650 1386 4716 ⁶q'uod:
1405 4663 1443 4713 39.
1458 4664 1498 4712 41.

375 4717 386 4748 ⁶
403 4720 506 4768 Deum:
524 4718 563 4767 61.
778 4715 789 4749 ⁷
806 4719 932 4766 Miserere.
949 4729 987 4780 501
1002 4720 1057 4766 add.
1072 4718 1111 4780 63.

375 4781 387 4815 ⁸
403 4785 463 4846 [xxi.
479 4784 582 4847 22-34]
776 4780 788 4812 ⁹
803 4783 865 4848 Cap.
881 4793 895 4846 5
909 4785 938 4831 iu
950 4799 982 4832 m.
1019 4783 1052 4842 [v.
1070 4783 1154 4843 1-21.]
