3992 5759
394 737 464 789 Dte.
480 734 534 799 28.]
727 739 774 789 SS.
794 738 1042 788 INNOCENTES
1056 737 1272 788 MARTYRES.
1553 744 1598 798 371

464 890 586 955 Oratio.
633 891 817 954 Ecclesiam
834 902 935 955 tuam.
950 902 1004 955 etc.

459 978 587 1040 Deinde
604 989 668 1059 pro
693 979 987 1041 commemoratione
1012 974 1279 1041 lanatiui'iatis1
1308 976 1415 1039 sancti
1440 973 1602 1056 Stephani

393 1064 518 1127 dicitnr
531 1063 686 1129 Oremus²
704 1065 825 1129 Oratio.
872 1066 1036 1141 Concede,
1051 1064 1117 1129 etc.8
1164 1063 1278 1129 Oratio
1295 1063 1349 1127 Da
1365 1064 1461 1126 nobis
1475 1062 1541 1126 etc.⁴

883 1202 944 1265 Aa
955 1213 1109 1284 vesperas.

459 1311 623 1394 Hymnus.
669 1313 810 1376 Exultet
824 1313 942 1378 celum.
958 1323 994 1378 vt
1008 1315 1043 1376 in
1058 1313 1223 1376 comnmni
1233 1314 1453 1396 apostoloram.

460 1398 667 1481 Antiphone.⁵
721 1401 817 1463 Exiit
839 1422 948 1464 sermo
975 1402 1061 1463 inter
1087 1400 1211 1477 iratres
1226 1401 1316 1482 quod
1339 1402 1520 1484 discipulus
1544 1399 1600 1465 ille

396 1505 462 1548 non
479 1488 626 1563 moritur,
641 1497 674 1549 et
691 1507 757 1550 non
774 1487 861 1550 dixit
879 1488 979 1564 lesus,
995 1508 1062 1550 non
1080 1485 1238 1552 moritur.⁶

462 1572 585 1636 Oratio.
631 1573 815 1637 Ecclesiam
831 1572 906 1637 etc.⁷

460 1660 587 1722 Deinde
593 1671 657 1741 pro
671 1661 965 1723 commemoratione
979 1660 1210 1724 Innocentium.

459 1745 658 1828 Antiphona.
736 1748 783 1811 Hi
828 1758 906 1811 sunt
950 1750 1007 1828 qui
1052 1769 1128 1811 cum
1170 1747 1363 1812 mulieribus
1407 1769 1474 1812 non
1520 1757 1598 1812 sunt

394 1834 608 1914 coinquinati,
622 1835 766 1917 virgines
781 1837 869 1898 enim
886 1845 972 1911 sunt,
987 1846 1022 1898 et
1045 1845 1227 1916 sequuntur
1251 1856 1375 1917 agnum
1400 1856 1598 1917 quocunque

393 1921 476 1983 ierit.

941 2008 1063 2073 Oratio.

471 2118 542 2180 Eus
570 2121 664 2181 cuius
693 2119 853 2183 hodiema
883 2120 937 2183 die
968 2122 1160 2203 preconium
1198 2121 1397 2184 innocentes
1435 2131 1598 2203 martyres

492 2227 558 2268 non
577 2207 743 2287 loquendo
759 2206 817 2269 sed
841 2207 1014 2270 moriendo
1037 2207 1178 2270 confessi
1203 2217 1289 2284 sunt,
1304 2209 1417 2271 omnia
1442 2211 1475 2271 in
1503 2209 1599 2271 nobis

394 2292 563 2355 vitiorum⁸
601 2293 781 2355 mortifica:
825 2304 861 2356 vt
898 2293 998 2357 fidem
1038 2303 1140 2372 tuam,
1184 2314 1284 2375 quam
1331 2295 1444 2378 lingua
1489 2306 1601 2358 nostra

396 2379 548 2460 loquitur,
564 2381 664 2442 etiam
682 2379 843 2443 moribus⁹
857 2382 926 2442 vita
944 2382 1105 2444 fateatur:
1129 2401 1195 2464 per.

459 2466 587 2528 Deinde
592 2466 640 2547 fit
653 2467 908 2529 commemoratio
921 2465 983 2529 ¹⁰de
998 2465 1198 2529 nati'nitate¹⁰
1208 2478 1240 2529 et
1250 2466 1395 2531 ”Sancti
1406 2467 1433 2532 S
1436 2466 1598 2550 tephani'‚¹¹

395 2563 433 2616 vt
446 2565 546 2634 snpra
561 2554 596 2615 iii
613 2554 772 2618 laudioua

653 2697 687 2767 (Ι
709 2690 893 2752 innocentes
908 2701 1068 2773 martyres
1082 2691 1200 2772 duplex
1213 2690 1356 2755 minus.12

459 2803 490 2864 Α
494 2803 521 2864 d
533 2804 732 2864 iiiotntiniim
748 2802 977 2864 innitatorium
989 2812 1020 2864 et
1029 2801 1146 2883 hymni
1158 2803 1197 2864 de
1210 2803 1600 2884 eoiiiiiiiiniplnriiiioriim

395 2900 587 2970 martyrum.

459 2977 489 3038 Α
495 2976 657 3057 ntiphoaa.
705 2976 858 3039 Herodes
874 2977 976 3039 iratus
990 2976 1112 3039 occidit
1127 2976 1251 3038 multos
1267 2996 1386 3059 pueros
1409 2978 1442 3039 in
1468 2977 1599 3040 Bethle-

393 3062 470 3125 hem
492 3061 599 3126 Iude¹³
615 3064 750 3125 ciuitate
767 3063 887 3126 Dauid.

609 3205 643 3275 ([
665 3199 773 3261 Lectio
789 3199 885 3262 tertia
900 3220 940 3262 ex
953 3199 1055 3280 capite
1068 3199 1202 3261 secundo
1218 3197 1397 3263 Matthei2¹⁴

395 3312 595 3442 ANgelus
624 3311 760 3374 Domini
786 3313 940 3411 apparuit
967 3313 999 3373 in
1027 3312 1152 3373 somnis
1178 3310 1310 3411 Ioseph,
1328 3312 1459 3412 dicens:
1482 3311 1597 3411 ,Surge

488 3450 495 3462 .
526 3449 532 3463 .
564 3450 570 3462 .
588 3399 713 3461 Rachel
731 3399 865 3480 plorans
881 3398 965 3460 filios
980 3419 1066 3475 suos
1081 3409 1115 3461 et
1131 3399 1238 3462 noluit
1253 3398 1417 3462 consolari
1433 3419 1511 3480 quia
1527 3420 1594 3462 non

391 3497 478 3549 sunt.

867 3601 901 3671 ([
924 3595 985 3658 Ad
998 3596 1119 3660 landes.

457 3708 655 3790 oliitiphoiia.
701 3707 780 3769 Vox
805 3709 837 3769 in
864 3707 973 3770 Rama
998 3708 1113 3770 audita
1135 3718 1194 3784 est,
1219 3708 1366 3790 ploratus
1391 3719 1425 3772 et
1451 3709 1596 3773 vlulatus

391 3795 534 3859 multus:
560 3794 684 3858 Rachel
703 3794 836 3876 plorans
852 3793 936 3857 filios
952 3815 1038 3858 suos

459 3883 581 3947 Oratio.
628 3882 720 3944 Deus
735 3883 828 3944 cuius
843 3879 921 3944 etc.¹⁵

455 3970 583 4032 Deinde
605 3981 669 4050 pro
698 3969 992 4030 commemoratione
1021 3968 1210 4030 natiuitatis
1238 3969 1346 4030 sancti
1374 3968 1537 4050 Stephani
1563 3979 1595 4031 et

389 4057 497 4118 sancti
521 4056 655 4117 Ioannis
673 4056 796 4117 dieitur
809 4053 978 4118 Oremus¹⁶
996 4054 1111 4119 Oratio
1126 4051 1315 4119 1⁷C0ncede.
1374 4053 1513 4119 Oratio¹⁷
1539 4055 1593 4119 Da

392 4141 522 4207 nobis¹⁸
570 4142 684 4205 Oratio
700 4141 884 4204 Ecclesiam
903 4139 1031 4204 tuam.¹⁹

439 4277 490 4315 ¹—¹
508 4280 656 4327 natiuitatis
665 4285 708 4326 et:
727 4290 765 4340 39.
780 4287 827 4326 etc.
917 4275 929 4306 ²
944 4294 991 4326 om.
1002 4277 1041 4326 60.
1305 4275 1316 4308 ³
1331 4285 1371 4326 et:
1387 4290 1426 4340 39.
1441 4291 1480 4340 41.

438 4343 449 4373 ⁴
466 4351 492 4392 ot
503 4347 532 4391 iii
544 4345 583 4392 dic
594 4362 600 4393 i
613 4356 652 4406 39.
666 4356 706 4403 41.
920 4341 930 4372 ⁶
946 4343 1102 4407 antiphona:
1121 4342 1159 4391 60.

438 4407 449 4438 ⁶
465 4411 508 4458 sed
521 4410 556 4457 sic
568 4409 599 4469 [si
611 4428 617 4457 :
635 4420 674 4470 43.
689 4407 728 4457 60.
744 4407 797 4460 ὀμ]
814 4424 870 4457 eum
882 4409 941 4456 volo
952 4423 1052 4457 manere
1064 4407 1144 4457 donec
1155 4407 1271 4456 veniam:
1288 4409 1344 4458 add.
1359 4421 1398 4471 39.
1413 4418 1459 4458 etc.

438 4473 449 4505 '¹
465 4482 493 4522 vt
506 4483 596 4537 cupra:
613 4486 652 4536 39.
667 4487 706 4533 41.
921 4471 1031 4567 :omagai
1049 4474 1105 4549 add
1120 4471 1158 4548 385
1174 4482 1220 4563 etc.

436 4537 509 4641 :Le-gl
524 4538 752 4667 liliciii‘l'ihhano:
768 4602 807 4667 38.
822 4603 861 4666 63.
925 4566 1002 4652 ¹²-die
1015 4545 1177 4652 ggitaelglhn·
1197 4550 1235 4600 39·
1250 4551 1307 4633 μὴ
1322 4602 1366 4653 in:
1384 4605 1439 4652 add
1453 4616 1493 4667 43.

438 4668 458 4699 ¹⁴
474 4671 510 4730 [ii.
528 4669 627 4732 13-18.]
927 4666 947 4696 ¹⁶
963 4668 1092 4718 hodierna.
1106 4675 1238 4731 utsupra:
1256 4681 1295 4731 39.
1309 4681 1349 4729 41.

437 4732 458 4765 ¹⁶
473 4753 519 4784 om.
534 4750 574 4795 44.
931 4731 1004 4768 ¹⁷-¹⁷
1020 4750 1066 4782 oni.
1082 4745 1121 4795 39.
1136 4746 1176 4794 41.

436 4798 457 4830 ¹⁸
475 4802 597 4850 Oremus:
615 4801 670 4848 adal
686 4812 724 4862 39.
740 4812 778 4861 41.
928 4795 948 4826 ¹⁹
964 4806 991 4847 ut
1004 4800 1032 4847 i'n
1044 4799 1100 4848 die:
1116 4799 1173 4848 add.
1188 4811 1227 4861 39.
1241 4811 1281 4859 41.

1335 4883 1353 4928 2
1379 4879 1400 4927 B
1424 4882 1443 4928 2
