3992 5759
392 742 476 794 51111.
495 741 533 804 8.]
643 743 670 791 S.
690 740 901 790 SERAPHIA:
920 739 972 788 ΝΑ
980 739 1020 788 TI
1023 738 1132 788 VITAS
1147 738 1180 787 B.
1201 736 1362 787 MARIAE.
1556 744 1603 797 327

853 908 1151 973 SEPTEMBER.

671 1045 832 1128 Seraphr'a
848 1047 940 1127 virgo
956 1042 1103 1127 martyr.l
1147 1044 1253 1107 Lectio
1269 1044 1325 1126 eij.

395 1160 593 1293 Sliraphia
608 1160 702 1242 virgo
718 1159 955 1221 Antiochensis
977 1179 1054 1221 cum
1072 1158 1223 1219 Adriano
1243 1158 1443 1238 imperatore
1461 1154 1604 1216 Romam

460 1248 605 1310 uenisset
619 1248 652 1308 in
669 1249 772 1309 domo
789 1246 884 1308 beate
909 1245 1033 1308 Sabine
1057 1245 1223 1306 diuersata
1251 1253 1310 1317 est,
1325 1243 1535 1321 eandemque
1561 1241 1604 1303 ad

394 1333 496 1397 fidem
514 1333 635 1398 Christi
651 1335 822 1395 conuertit.
869 1332 1097 1413 Quamobrem
1119 1352 1139 1393 a
1156 1329 1285 1412 preside
1303 1328 1435 1410 Beryllo
1456 1347 1605 1409 compre·

394 1423 508 1495 hensa,
534 1421 577 1482 ad
608 1419 824 1501 dearumque2
852 1418 1046 1481 sacrificium
1079 1418 1251 1500 producta,
1278 1417 1415 1498 negauit
1445 1435 1481 1477 se
1511 1414 1606 1476 alteri

393 1528 496 1590 quam
514 1507 646 1571 Christo
671 1506 865 1569 sacrificium
892 1506 1080 1568 oblaturam
1106 1504 1276 1567 affirmans
1291 1524 1326 1565 se
1341 1503 1386 1565 ob
1411 1511 1605 1584 perpetuam

395 1596 629 1676 virginitatem,
644 1614 746 1674 quam
774 1594 803 1655 ci
827 1603 972 1667 vouerat,
989 1591 1151 1674 templum
1177 1592 1230 1654 dei
1247 1592 1312 1652 viui
1333 1589 1464 1652 iactam.
1510 1589 1606 1650 Tunc

396 1701 508 1765 preses
530 1692 566 1744 vt
586 1682 707 1743 amissa
733 1680 891 1761 pudicitia
916 1679 1079 1761 templum
1103 1680 1156 1740 dei
1181 1698 1253 1740 esse
1281 1676 1454 1751 desineret,
1477 1674 1607 1738 duobus

396 1789 472 1832 eam
490 1768 653 1830 salacibus
669 1767 843 1829 iuuenibus
859 1765 1143 1847 constuprandam
1160 1762 1284 1827 tradit.³
1329 1762 1396 1845 Qui
1419 1763 1607 1825 obscuriore

396 1854 550 1918 cubiculo
580 1855 751 1929 inclusam,
780 1873 856 1915 cum
887 1854 972 1914 circa
1004 1854 1146 1934 primam
1185 1852 1292 1913 noctis
1322 1850 1438 1912 horam
1469 1848 1607 1931 aggredi

399 1953 562 2024 pararent,
606 1951 723 2002 orante
768 1941 895 2019 virgine
940 1939 1051 2001 subito
1096 1939 1221 2001 lumine
1265 1937 1474 2011 circumfulsi,
1512 1935 1606 2017 quasi

397 2029 572 2091 exanimes
604 2027 760 2089 membris
784 2027 940 2088 omnibus
966 2026 1117 2089 resolutis
1142 2026 1175 2087 in
1201 2036 1321 2087 terram
1349 2023 1512 2106 prostrati,
1537 2033 1608 2085 tota

399 2125 497 2177 nocte
513 2117 692 2187 iacuerunt,
707 2116 814 2176 donec
839 2113 976 2194 presidis
993 2123 1111 2193 rogatu
1128 2112 1261 2174 luerunt
1276 2132 1296 2173 a
1312 2111 1439 2192 virgine
1458 2110 1609 2172 oratione

398 2202 471 2264 susa
503 2212 632 2283 postera
663 2201 717 2263 die
748 2202 815 2262 suis
841 2201 964 2262 viribus
991 2200 1142 2274 restituti,
1164 2210 1198 2262 et
1220 2218 1285 2280 que
1311 2199 1371 2261 sibi
1398 2197 1608 2279 contigerant

397 2288 519 2372 presidi
565 2298 790 2350 narrauerunt.
852 2286 918 2349 Sed
964 2308 1039 2349 cum
1079 2287 1106 2347 is
1143 2297 1263 2348 cuncta
1308 2285 1446 2366 magicis
1483 2282 1609 2346 artibus

397 2375 564 2451 tribueret,
580 2375 760 2438 adductam
784 2373 844 2435 sibi
860 2374 1023 2454 virginem
1040 2383 1074 2435 et
1090 2372 1237 2435 vestibus
1264 2372 1451 2454 spoliatam,
1467 2370 1609 2432 incensis

398 2462 526 2525 lacibus
555 2462 649 2525 aduri
681 2462 780 2523 iussit
837 2459 936 2542 Quod
968 2480 1043 2522 cum
1075 2459 1174 2522 alacri
1205 2460 1318 2521 animo
1348 2458 1404 2520 illa
1428 2457 1609 2533 tolerasset,

398 2549 540 2612 fustibus
576 2550 633 2611 diu
675 2568 751 2610 cesa
789 2558 822 2610 et
860 2559 951 2609 trans
988 2567 1101 2609 arcum
1142 2546 1291 2608 Faustini
1336 2544 1446 2620 ducta,
1482 2543 1608 2606 ibidem

398 2635 564 2698 decollata
579 2646 637 2700 est.
686 2635 767 2697 Eius
790 2644 901 2696 autem
928 2654 1048 2715 corpus
1076 2633 1173 2695 beata
1199 2632 1325 2696 Sabina
1341 2633 1373 2694 in
1390 2631 1507 2695 codem
1536 2630 1610 2692 loco

399 2723 552 2805 sepeliuit
568 2722 619 2802 iij.
637 2742 744 2784 nonas
761 2720 975 2802 Septembris.

464 2810 712 2871 Aduerrendmn
728 2808 861 2869 nuncin
878 2808 981 2869 indice
994 2808 1077 2888 lpost
1093 2815 1290 2887 pentecosten
1306 2804 1435 2886 posita*
1448 2825 1492 2866 on
1508 2804 1543 2865 in
1559 2803 1612 2866 die

397 2897 586 2958 narim'ratu
601 2894 764 2976 virginat
777 2894 830 2955 vel
841 2895 934 2974 infra
949 2895 1019 2956 eius
1033 2904 1178 2956 octauam
1195 2891 1424 2973 ritterponenda
1438 2891 1484 2952 sit
1497 2889 1611 2972 aliqua

394 3003 436 3045 ex
448 2983 617 3044 dornr'rricrs
632 2981 834 3062 vagantibus.

606 3099 639 3168 ΙΙ
662 3092 837 3154 Natiuitas
852 3092 978 3154 hllurr'e
992 3090 1145 3173 virginet-³
1161 3090 1279 3170 duplex
1292 3089 1408 3153 retains.

464 3181 524 3242 Ad
536 3191 682 3260 vesperas
696 3180 843 3259 leyrrrnus.
889 3179 964 3241 Aue
981 3181 1081 3240 maris
1096 3176 1213 3240 stellae

463 3266 675 3347 Arrtr'plmw
735 3265 886 3329 Gloriose
922 3266 1060 3346 virginis
1093 3265 1197 3327 Marie
1234 3274 1344 3326 ortum
1375 3262 1609 3344 dignissimum

399 3354 592 3428 recolamus,
607 3372 672 3435 quc
694 3363 728 3416 et
755 3354 930 3434 genetricis
956 3353 1155 3434 dignitatem
1179 3351 1334 3425 obtinuit,
1356 3360 1390 3412 et
1413 3349 1608 3430 virginalem

398 3439 592 3523 pudicitiam
609 3460 676 3502 non
692 3441 812 3503 amisit.

947 3562 1070 3626 Oratio

468 3675 600 3738 Amulis
645 3676 711 3737 tuis
761 3696 941 3756 quesumus
985 3674 1122 3737 domine
1167 3673 1296 3735 celestis
1339 3672 1445 3754 gratie
1491 3691 1612 3733 munus

480 3763 656 3844 impertire,
686 3772 722 3823 vt
752 3763 872 3842 quibus
902 3763 999 3824 beate
1029 3759 1165 3842 virginis
1195 3770 1309 3842 partus
1339 3759 1453 3821 extitit
1483 3755 1611 3821 salutis⁷

399 3850 576 3913 exordium
601 3850 785 3912 natiuitatis
809 3849 1009 3912 eiusvotiua
1036 3848 1218 3909 solennitas
1242 3847 1333 3928 pacis
1360 3845 1483 3908 tribuat
1508 3846 1610 3908 incre·

403 3948 562 4000 mentum.
610 3937 677 3998 Per.

710 4065 743 4134 ΙΙ
766 4059 1052 4121 υ1111ηιαηιιιίιιιηι
1069 4058 1306 4121 z'nue'talorirmr.

467 4173 686 4236 Natiuitatem
729 4173 864 4253 virginis
911 4172 1017 4234 Marie
1054 4170 1265 4234 celebremus.
1326 4170 1494 4233 Christum
1540 4170 1611 4232 eius

399 4259 504 4323 filium
521 4261 698 4323 adoremus
714 4259 896 4322 dominum.

467 4371 628 4451 Hymnus.
675 4370 707 4434 Ο
723 4370 892 4453 gloriosa.⁹

452 4482 458 4512 ¹
478 4482 528 4532 die.
542 4494 565 4544 3.
580 4483 609 4529 r'n
621 4498 654 4530 m.
706 4479 718 4510 ²
740 4481 808 4529 Thus
819 4483 871 4529 also
883 4481 922 4544 38.
937 4481 1108 4544 deorumque:
1127 4493 1166 4543 39.
1181 4489 1228 4530 etc.
1280 4479 1290 4508 ³
1307 4479 1427 4529 tradidit:
1446 4491 1484 4541 39.
1496 4492 1536 4540 41.
1551 4478 1591 4542 63.

449 4546 502 4583 *Δ
518 4546 759 4623 ripraporitojolre.·
770 4559 815 4622 ¹39.
830 4560 870 4606 41.
888 4547 961 4622 .[See
972 4547 1053 4605 above,
1067 4562 1092 4610 p.
1109 4546 1177 4608 185]
1250 4543 1307 4623 Ἠ
1320 4546 1384 4594 beate
1395 4546 1553 4658 Μαήι.’8ἐ9.
1568 4557 1609 4604 41.

448 4610 460 4708 ξ
476 4628 575 4726 νζΞιιινῖ*
587 4613 659 4677 rnsro
671 4628 699 4660 m
711 4612 786 4676 ‹rffitro
797 4613 925 4660 sabbarum
935 4613 1067 4706 ciusdem.⁸
1076 4612 1136 4725 ogda
1145 4623 1184 4724 ἐμ
1198 4622 1238 4671 41.
1253 4611 1330 4725 8[dec
1341 4611 1423 4670 belew,
1437 4625 1461 4675 p.
1476 4622 1492 4672 3
1525 4611 1546 4672 .]

450 4692 587 4869 ’8{‹)]miiui.
604 4743 703 4805 require
715 4741 787 4807 r'rrsro
805 4743 833 4790 r'n
845 4743 920 4807 officio
931 4741 1059 4790 sabbatino
1069 4683 1322 4803 eiusdeririridilfw.
1336 4753 1375 4800 41.
1412 4740 1467 4800 [See
1478 4740 1561 4800 below,

403 4821 459 4874 123
495 4844 501 4856 ·
