3992 5759
714 721 979 772 PSALTERIWI:
1008 721 1055 770 IN
1080 722 1281 772 DOMINICA.

871 925 1051 988 ¹Psalmus
1065 939 1125 1006 .95.

393 1035 585 1166 CAntate
609 1036 748 1099 domino
777 1037 945 1100 canticum
977 1057 1144 1100 nouum..
1176 1046 1211 1100 et
1241 1037 1384 1120 populos
1407 1038 1439 1100 in
1463 1037 1602 1101 veritate

469 1143 538 1186 sua

724 1265 759 1335 ([
776 1258 947 1324 Canticum
962 1261 1066 1324 trium
1074 1260 1273 1342 puerorum.2

459 1370 649 1435 Benedicite
693 1373 805 1435 omnia
850 1393 952 1455 opera
999 1372 1126 1436 domini
1175 1371 1331 1436 domino:
1376 1372 1518 1448 laudate,
1565 1383 1599 1437 et

392 1458 643 1538 superexaltate
658 1460 781 1522 eumin
797 1459 917 1524 secula.

460 1544 651 1609 Benedicite
666 1546 776 1628 angeli
792 1546 918 1610 domini
934 1545 1092 1609 domino:
1116 1545 1300 1609 benedicite
1317 1546 1377 1610 celi
1393 1546 1538 1611 dominu.

458 1631 649 1696 Benedicite
682 1651 768 1713 aque
805 1652 930 1707 omnes,
967 1652 1033 1714 que
1063 1652 1163 1715 super
1199 1632 1287 1696 celos
1324 1643 1401 1697 sunt
1438 1633 1597 1697 domino:

392 1717 578 1782 benedicite
593 1738 711 1782 omnes
725 1720 864 1782 virtutes
878 1718 1006 1782 domini
1017 1719 1162 1785 domino.

460 1805 651 1868 Benedicite
668 1806 716 1868 sol
733 1816 766 1868 et
782 1806 860 1869 luna
883 1805 1041 1869 domino:
1065 1806 1249 1870 benedicite
1265 1806 1360 1870 stelle
1375 1807 1435 1871 celi
1450 1807 1596 1871 domino.

460 1891 649 1955 Benedicite
665 1893 778 1968 imber,
793 1903 827 1955 et
843 1914 896 1955 ros
918 1893 1075 1956 domino:
1099 1892 1284 1957 benedicite
1310 1894 1440 1957 omnes⁸
1461 1894 1597 1976 spiritus

393 1977 448 2041 dei
463 1978 609 2042 domino.

459 2065 650 2129 Benedicite
666 2067 751 2147 ignis
766 2075 800 2129 et
823 2075 914 2129 estus
936 2065 1094 2129 domino:
1117 2066 1302 2130 benedicite
1319 2066 1433 2149 frigus⁴
1458 2077 1492 2131 et
1507 2076 1596 2130 estas·

392 2151 538 2215 domino,

459 2239 651 2303 Benedicite
667 2259 765 2315 rores,
779 2252 813 2302 et
828 2240 946 2322 pruina
961 2239 1118 2303 domino:
1142 2240 1325 2304 benedicite
1347 2240 1424 2322 gelu
1440 2250 1474 2303 et
1494 2240 1597 2324 frigus

392 2325 538 2390 domin0.

460 2412 650 2476 Benedicite
680 2413 811 2495 glacies,
831 2423 865 2475 et
896 2413 988 2476 niues
1018 2413 1176 2477 domino:
1207 2412 1390 2477 benedicite
1417 2424 1541 2491 noctes,
1562 2425 1597 2478 et

392 2499 463 2562 dies
478 2499 625 2563 domino,

460 2586 650 2650 Benedicite
680 2586 739 2649 lux
769 2596 804 2649 et
830 2586 966 2649 tenebre
993 2587 1155 2650 domino:
1190 2586 1375 2650 benedicite
1401 2586 1539 2669 fulgura,
1563 2599 1597 2652 et

394 2673 499 2734 nubes
514 2673 660 2736 domino,

461 2760 642 2823 Benedicat
667 2771 755 2823 terra
779 2760 971 2823 dominum:
1006 2759 1127 2835 laudet,
1153 2770 1187 2822 et
1213 2761 1440 2842 superexaltet
1462 2781 1539 2824 eum
1564 2763 1595 2824 in

393 2848 512 2912 secula.

462 2934 651 2996 Benedicite
679 2944 810 2996 montes
836 2944 870 2997 et
903 2933 1005 2997 colles
1034 2932 1192 2996 domino:
1228 2933 1412 2997 benedicite
1444 2936 1597 2998 vniuersa

393 3020 615 3103 germinantia
630 3019 664 3081 in
680 3030 767 3083 terra
782 3020 927 3084 domino.

462 3106 651 3170 Benedicite
682 3105 790 3170 fontes
828 3107 985 3170 domino:
1024 3106 1208 3170 benedicite
1247 3108 1359 3184 maria,
1388 3117 1422 3170 et
1460 3106 1598 3171 flumina

394 3194 540 3257 domino.

462 3280 652 3344 Benedicite
675 3289 756 3356 cete,
778 3289 813 3343 et
835 3282 949 3343 omnia
972 3300 1037 3362 que
1065 3290 1241 3343 mouentur
1266 3281 1298 3343 in
1323 3281 1418 3361 aquis
1440 3281 1597 3345 domino:

396 3368 581 3430 benedicite
596 3387 713 3430 omnes
728 3367 879 3430 volucres
894 3367 954 3429 celi
971 3367 1116 3430 domin0.

462 3454 652 3517 Benedicite
667 3474 785 3517 ornnes
808 3454 921 3530 bestie,
948 3463 981 3516 et
1006 3474 1126 3536 pecora
1151 3454 1309 3516 domino:
1333 3454 1518 3518 benedicite
1541 3455 1598 3518 filii

394 3542 566 3604 hominurn
583 3540 729 3604 domino.

461 3627 642 3691 Benedicat
671 3627 771 3689 lsrael
803 3627 975 3690 dominum
1008 3626 1129 3700 laudet,
1149 3635 1184 3688 et
1213 3627 1438 3708 superexaltet
1466 3648 1541 3691 eum
1566 3630 1598 3692 in

393 3715 512 3778 secula

461 3800 650 3864 Benedicite
687 3800 876 3863 sacerdotes
913 3799 1039 3863 domini
1077 3799 1239 3863 domino:
1283 3801 1468 3864 benedicite
1514 3804 1599 3865 serui

394 3887 522 3950 domini
539 3887 686 3952 domino,

462 3974 654 4038 Benedicite
680 3975 823 4056 spiritus,
839 3985 873 4037 et
898 3975 1009 4036 anime
1040 3975 1201 4036 iustorum
1227 3973 1383 4037 domino:
1416 3975 1599 4039 benedicite

394 4061 510 4138 sancti,
524 4072 558 4124 et
574 4060 716 4124 humiles
730 4063 831 4125 corde
846 4060 992 4124 domino.
1607 4094 1609 4100 ·

463 4148 663 4224 Benedicite,
690 4148 834 4222 Anania,
866 4147 988 4209 Azaria
1021 4147 1138 4209 Misael
1162 4147 1368 4210 dominum³:
1401 4147 1545 4227 laudate,
1566 4161 1599 4213 et

397 4235 644 4317 superexaltate
659 4255 735 4298 eum
753 4236 784 4296 in
802 4234 922 4298 secula.

463 4321 706 4385 Benedicamus
721 4331 861 4404 patrem,
875 4330 910 4384 et
925 4319 1029 4383 filium
1046 4340 1121 4382 cum
1138 4331 1256 4383 sancto
1271 4321 1409 4403 spiritu:
1427 4322 1600 4385 laudemus

395 4417 429 4471 et
445 4408 733 4491 superexaltemus
750 4429 825 4472 eum
843 4409 875 4470 in
893 4407 1011 4470 secula.

446 4581 454 4611 ¹
474 4582 582 4633 lndlctio
599 4583 632 4632 ad
651 4583 745 4634 Christi
767 4581 865 4632 laudem
889 4589 991 4646 propter
1013 4579 1066 4630 eius
1087 4580 1222 4630 aduentum
1245 4580 1271 4630 in
1292 4596 1391 4631 carnem
1406 4593 1450 4632 :et
1472 4584 1505 4633 ad
1527 4584 1603 4649 ipsius

396 4647 559 4699 reuerentiam
572 4657 597 4698 et
607 4647 733 4708 timorem,
746 4664 791 4713 pro
810 4647 911 4697 tercius
921 4645 1057 4695 aduentum
1068 4645 1101 4694 ad
1112 4644 1248 4695 iudicium:
1262 4654 1303 4710 pr.
1317 4647 1357 4695 61.
1372 4656 1419 4697 etc.

443 4711 520 4762 ²Da.
535 4725 558 4776 3.
573 4714 602 4762 in
614 4729 647 4763 m.
661 4730 739 4777 ntany
795 4750 801 4762 .
836 4729 883 4761 om.
898 4709 938 4774 38.
1050 4708 1175 4760 ³0mnis:
1194 4722 1233 4773 39.
1247 4723 1287 4771 41.
1301 4710 1396 4761 60.61.
1410 4712 1450 4777 63.
1464 4712 1504 4775 64.
1515 4713 1556 4764 66.

441 4777 453 4809 ⁴
469 4777 567 4844 lruges:
585 4777 625 4841 63.
1051 4773 1062 4804 ⁶
1077 4774 1196 4826 domino:
1215 4787 1254 4838 39.
1268 4789 1308 4836 41.
