3992 5759
604 746 795 796 00³1!ch
814 747 935 796 Ptrlrts
953 746 1050 795 eost
1063 744 1291 796 ADVENTUM.

648 952 682 1023 ΕΙ
698 946 883 1011 Semndum
899 947 1043 1012 Lucam.¹
1090 948 1197 1011 Lectio
1212 947 1255 1030 ej.

348 1058 536 1187 REuersi
558 1069 637 1123 sunt
659 1069 770 1123 autem
795 1061 1078 1144 septuagintaduo
1099 1080 1176 1123 cum
1199 1059 1323 1141 gaudio
1397 1057 1501 1132 Vade,
1517 1066 1551 1119 et

430 1161 467 1208 tu
483 1145 535 1208 sac
551 1145 709 1210 similiter.

553 1288 587 1359 ΙΙ
601 1283 701 1347 Fcn'a
715 1295 806 1346 sexta
820 1306 860 1347 ex
873 1283 1067 1348 Matacmnt
1112 1284 1218 1346 Lectio
1225 1285 1348 1365 pn'oeeo.

348 1394 491 1524 Ecce·
511 1416 577 1477 ego
608 1396 706 1459 mitto
736 1397 893 1477 angelum
925 1417 1036 1460 meum
1057 1397 1251 1478 probate
1283 1415 1336 1457 me
1367 1414 1466 1475 super
1488 1392 1552 1453 hoc

428 1482 509 1545 dicrt
522 1483 688 1547 dominus,

646 1626 678 1695 {I
696 1619 882 1683 Secundum
899 1620 1046 1684 Lucam.3
1090 1620 1196 1682 Lectio
1212 1620 1254 1700 ej.

347 1729 534 1857 FActum
566 1741 617 1794 est
639 1743 752 1794 autem
776 1732 855 1793 dum
881 1732 966 1795 irent
988 1744 1023 1794 et
1048 1733 1119 1813 ipse
1143 1731 1278 1794 intrauit
1314 1731 1346 1791 in
1379 1728 1549 1828 quoddam

421 1816 596 1880 castellum
623 1829 813 1900 quanto
853 1819 960 1900 magis
998 1829 1094 1900 pater
1130 1828 1239 1882 vester
1278 1816 1410 1879 celestrs
1455 1813 1550 1876 dab1t

337 1903 494 1984 spiritum
512 1905 637 1968 bonum
654 1907 844 1988 petentibus
859 1912 919 1968 se?

638 2064 672 2134 ΙῙ
690 2054 831 2122 Sabboto
845 2080 885 2120 ex
898 2059 1051 2122 Bromie*
1094 2057 1201 2120 Lectio
1214 2059 1246 2139 j.

342 2168 414 2299 O
444 2168 546 2233 Israel
569 2190 670 2252 quam
695 2190 818 2251 magna
845 2181 896 2233 est
923 2170 1044 2233 domus
1068 2169 1122 2232 dei
1197 2179 1231 2233 et
1256 2189 1331 2231 cum
1361 2166 1554 2229 hominibus

432 2271 648 2319 conuersatus
663 2269 723 2320 cst,

639 2399 673 2468 Ι[
691 2393 875 2456 Secundum
898 2393 1045 2456 chcorn.⁵
1090 2393 1196 2455 Lectio
1213 2393 1254 2473 ej,

347 2503 444 2633 ET
466 2515 538 2566 erat
560 2503 696 2585 eijciens
719 2506 923 2581 demonium,
941 2516 975 2567 et
1000 2505 1079 2567 illud
1104 2515 1175 2567 erat
1198 2513 1384 2566 mutum
1406 2501 1451 2564 Et
1474 2519 1551 2561 ecce

428 2590 504 2672 plus
518 2611 620 2672 quam
639 2590 735 2655 lonafl
749 2591 810 2654 hic.

406 2707 441 2778 ΕΙ
455 2701 632 2766 Dominica
646 2704 761 2785 ptimo
776 2714 852 2785 post
871 2705 1058 2766 aduentum.
1113 2703 1306 2765 Notandum
1328 2701 1416 2782 qnod
1434 2698 1469 2760 in
1491 2698 1553 2760 leae

337 2788 504 2852 dominica
517 2801 642 2871 semper
645 2790 694 2873 fit
706 2790 844 2872 officium
860 2792 899 2854 de
905 2793 994 2872 sesto
1009 2792 1044 2852 in
1059 2811 1097 2852 eo
1117 2789 1276 2852 incidenti
1286 2788 1356 2849 siue
1369 2786 1416 2848 sit
1429 2784 1551 2866 duplex,

336 2876 411 2975 siue
424 2877 567 2957 simplex,
582 2887 615 2939 et
627 2878 661 2940 si
673 2879 800 2941 nullum
817 2878 935 2940 incidit
946 2878 1074 2955 festum
1098 2877 1214 2958 agitur
1233 2875 1272 2937 de
1293 2885 1407 2937 octana
1429 2871 1551 2934 natiui-

339 2973 430 3028 tates.

647 3105 681 3176 ΙΙ
696 3100 797 3163 Liber
801 3098 1070 3182 praetermorem]
1114 3099 1223 3162 Lectio
1236 3100 1268 3180 j.

402 3210 551 3273 Arabole
567 3211 758 3276 Salomonis
782 3212 840 3294 filij
867 3213 978 3275 Dauid
1004 3214 1090 3294 regis
1116 3212 1215 3274 Israel
1292 3210 1421 3271 animas
1445 3208 1550 3289 possi·

415 3297 565 3360 dentium
583 3299 722 3380 rapiunt.

589 3457 623 3527 ΙῙ
640 3451 824 3515 Secundum
843 3451 988 3516 Locrensi*
1031 3452 1137 3514 Lectio
1152 3451 1299 3514 seeundo.

344 3561 512 3691 NEmo
536 3563 703 3626 lucernam
727 3565 888 3639 accendit,
911 3576 944 3627 et
967 3565 999 3627 in
1025 3565 1223 3628 abscondito
1250 3562 1344 3644 ponit
1418 3580 1462 3622 ex
1494 3580 1551 3621 ore

436 3650 517 3726 eius,
535 3661 569 3712 vt
585 3663 780 3714 accusarent
795 3672 882 3715 eum.

403 3766 437 3837 ΙΙ
457 3761 489 3824 Τ
485 3762 569 3825 ertio
585 3763 675 3826 lectio
688 3774 720 3825 et
733 3765 836 3825 oratio
850 3763 950 3825 lmim
965 3763 1143 3833 Dominice,
1158 3762 1314 3825 dicuntur
1327 3761 1362 3821 in
1386 3760 1551 3841 tre'gesimo

333 3848 392 3911 dic
415 3848 596 3925 mononis,
620 3871 682 3932 quo
711 3851 763 3912 die
779 3850 828 3931 fit
850 3849 987 3931 officium
1013 3849 1052 3912 dc
1075 3860 1189 3912 octono
1219 3847 1415 3922 natiuitatis,
1442 3857 1480 3908 ot
1504 3846 1549 3906 iln

332 3935 468 4000 videbis.
505 3935 554 3998 Et
566 3936 636 3999 idco
649 3938 778 4018 quando
791 3937 969 4000 celebratur
980 3937 1116 4019 aliquod
1118 3937 1245 4016 festum
1262 3935 1297 3996 in
1311 3934 1373 3997 leae
1381 3933 1553 4006 dominico,

334 4021 432 4084 nulla
437 4021 523 4103 fieri
534 4022 623 4085 debet
635 4025 891 4085 commemoratio
906 4025 945 4085 de
960 4045 997 4084 ea
1013 4024 1047 4084 in
1064 4023 1215 4085 locedibus
1230 4032 1261 4083 et
1274 4021 1420 4103 vesperis.

460 4181 494 4252 ΙΙ
510 4176 610 4240 Fen'a
625 4177 667 4257 ej.
682 4197 723 4239 coc
735 4177 924 4259 Pronerbejs
942 4175 1150 4240 Solomonis?
1193 4174 1300 4237 Lectio
1308 4175 1431 4256 pn'nta.

335 4287 553 4420 SApientia
586 4288 664 4351 soris
690 4288 846 4371 predicat,
869 4289 901 4350 in
927 4288 1045 4370 plateis
1068 4289 1127 4350 dat
1150 4307 1266 4349 vocem
1301 4285 1548 4348 ..abundantia

404 4375 598 4458 perimetur,
613 4377 733 4439 timore
750 4376 912 4438 malorum
930 4374 1070 4438 sublat0.

386 4531 449 4627 :[x.
466 4533 566 4608 17-373]
993 4528 1006 4626 Ξ
1021 4529 1084 4594 Cap.
1098 4542 1121 4592 3.
1136 4531 1165 4578 in
1179 4546 1210 4578 m.
1224 4530 1270 4590 [iii.
1288 4530 1371 4588 1-10.]

387 4597 630 4725 ’ii'sffiidffl
995 4659 1007 4690 ⁸
1022 4593 1171 4723 [Slioisiiig
1175 4595 1222 4723 143.
1261 4660 1353 4709 lonas:
1372 4671 1411 4721 39.
1426 4668 1472 4708 etc.

386 4727 398 4758 ⁷
415 4728 479 4792 Czp.
494 4741 514 4777 1.
529 4729 558 4776 in
570 4745 602 4776 m.
615 4728 641 4789 [i.
660 4728 743 4788 1-19.]
772 4731 992 4777 .S'olorerorsr'r.·odd.
1008 4740 1047 4789 39.
1061 4738 1090 4786 41
1095 4764 1101 4774 .
1115 4726 1155 4774 60.
1170 4725 1209 4774 61.
1224 4725 1264 4786 64.
1278 4725 1318 4773 66.

387 4791 576 4858 mon-sm
992 4792 1047 4853 ‘'ti·
1063 4792 1165 4854 mss-1
