3992 5759
391 692 474 746 SEPT.
494 696 547 757 au]
656 695 703 744 SS.
725 695 868 744 COSllAS
886 695 943 743 ET
952 694 1158 744 DAJHANUS
1171 709 1180 742 .·
1202 694 1231 751 S.
1247 693 1429 743 nllcllAEl..
1554 703 1601 756 335

608 871 739 936 Cosmus
753 883 786 936 et
799 873 988 935 Damianus
1004 882 1169 950 martyres.
1214 871 1320 934 Lectio
1335 872 1403 953 ,iifl

460 997 583 1062 Osmas
621 1008 655 1060 et
694 998 882 1061 Damianus
913 997 1028 1060 fratres
1063 998 1095 1059 in
1129 997 1222 1078 Egea
1252 997 1332 1059 vrbe
1363 995 1490 1058 Arabie
1521 997 1600 1071 nati,

480 1105 672 1166 quanquam
689 1097 783 1148 erant
807 1095 877 1147 arte
905 1084 1069 1146 medicine
1097 1084 1196 1160 docti,
1222 1085 1327 1167 magis
1352 1093 1464 1145 tamen
1486 1083 1598 1146 christi

392 1171 515 1235 virtute
545 1172 711 1234 sanabant
741 1191 858 1234 ornnes
896 1171 1114 1234 infirmitates
1161 1170 1261 1252 Quod
1299 1170 1438 1233 audiens
1480 1170 1601 1251 Lysias

393 1278 505 1341 preses
522 1259 735 1321 Diocletiano
750 1268 784 1320 et
802 1259 1013 1320 Maximiano
1029 1257 1292 1340 imperatoribus
1303 1258 1423 1320 adduci
1439 1277 1497 1320 eos
1509 1258 1552 1320 ad
1563 1278 1599 1319 se

393 1344 493 1409 iubet.
540 1345 606 1427 Qui
624 1366 698 1408 cum
716 1345 760 1407 ab
775 1366 816 1407 eo
832 1345 1025 1427 interrogati
1040 1346 1183 1417 nomina,
1197 1345 1391 1426 patriam,et
1405 1344 1597 1425 religionem

392 1432 625 1495 incunctanter
653 1432 897 1514 exposuissent,
929 1451 1048 1493 rnanus
1087 1432 1254 1511 pedesque
1291 1431 1401 1506 vincti,
1439 1433 1598 1513 quoniam

393 1519 458 1599 dijs
478 1517 661 1582 sacrificare
677 1530 918 1593 recusauerant,
934 1519 1174 1581 immanissime
1190 1528 1393 1600 torquentur.
1439 1518 1505 1581 Sed
1522 1538 1598 1580 curn

391 1605 584 1669 viderentur
599 1607 762 1667 cruciatus
789 1605 956 1688 negligere
978 1607 1066 1667 iussu
1092 1605 1240 1687 presidis
1266 1615 1301 1667 vt
1327 1614 1421 1666 erant
1445 1605 1537 1685 ligati
1567 1606 1598 1666 in

394 1712 486 1756 mare
524 1692 763 1756 deturbantur.²
819 1693 944 1755 Diuino
981 1702 1093 1754 tamen
1133 1712 1269 1754 munere
1306 1691 1422 1753 solutis
1458 1692 1600 1753 vinculis

391 1800 412 1842 e
435 1778 556 1862 pelago
586 1790 664 1841 sunt
694 1779 877 1841 incolumes
903 1780 1035 1860 egressi.
1094 1779 1208 1840 Preses
1238 1787 1350 1841 autern
1374 1778 1436 1840 hoc
1461 1780 1599 1860 magicis

392 1867 521 1929 artibus
550 1866 726 1942 ascribens
757 1867 848 1928 iubet
879 1887 936 1928 eos
967 1867 999 1927 in
1032 1886 1195 1929 carcerem
1227 1865 1324 1942 trudi,
1354 1885 1392 1928 ac
1419 1863 1598 1947 postredie⁸

392 1953 533 2015 eductos
549 1954 581 2015 in
610 1972 769 2033 magnum
795 1973 912 2034 rogum
937 1954 1080 2015 immitti.
1130 1952 1167 2014 ln
1195 1972 1362 2033 quocum
1388 1952 1470 2014 illesi
1496 1951 1599 2015 nihilo

394 2041 502 2102 secius
519 2042 783 2122 permansissent,
801 2050 875 2121 post
892 2041 1064 2102 innumera
1089 2040 1253 2121 supplicia
1277 2040 1397 2121 capitis
1422 2038 1599 2100 obtrunca·

394 2128 486 2189 tione
503 2128 661 2207 martyrio
678 2136 755 2188 sunt
771 2128 929 2201 coronati,
944 2136 978 2188 et
994 2125 1118 2188 ibidem
1147 2146 1166 2186 a
1194 2125 1390 2189 Christianis
1415 2126 1534 2207 sepulti
1560 2147 1600 2190 .v.

393 2214 551 2276 calendas
567 2213 731 2276 Octobris,
778 2214 934 2275 Processu
952 2233 1031 2275 vero
1046 2214 1206 2295 temporis
1231 2212 1374 2274 Romam
1392 2211 1551 2287 translati,
1567 2214 1600 2274 in

393 2300 532 2364 ecclesia
548 2302 693 2382 ipsorum
713 2302 847 2362 nomine
863 2300 987 2363 dicata*
1008 2301 1240 2363 recunduntur.

932 2436 1066 2502 Ονιιίὲο.ὅ

401 2563 559 2692 PResta
589 2581 770 2645 quesumus
799 2563 1013 2643 omnipotens
1042 2563 1133 2637 deus,
1162 2571 1198 2623 vt
1222 2561 1278 2643 qui
1302 2571 1490 2623 sanctorum
1515 2582 1600 2623 mar-

476 2660 587 2730 tyrum
618 2661 751 2712 tuorum
783 2648 904 2712 Cosme
936 2660 969 2711 et
1002 2648 1158 2711 Damiani
1191 2645 1354 2710 natalitial
1383 2647 1542 2710 colimus:
1581 2669 1601 2710 a

394 2739 523 2801 cunctis
553 2737 649 2798 malis
680 2735 932 2799 imminentibus
956 2755 1069 2798 eorum
1098 2734 1387 2798 intercessionibus
1411 2734 1600 2799 liberemur:

395 2843 453 2905 per
468 2825 651 2887 dominum.

569 2981 737 3042 Dedicatio
753 2979 928 3041 Michaelis
942 2979 1132 3061 archangeli
1143 2978 1262 3060 duplex
1283 2977 1412 3042 maius.⁷

771 3104 801 3165 Α
807 3105 833 3166 d
861 3103 1022 3185 Vesperas.
1066 3103 1107 3165 H
1098 3124 1227 3183 ymnus.

442 3216 517 3279 *lbi
542 3216 677 3281 Christi⁸
700 3215 858 3299 splendor
877 3217 987 3298 patris,
1012 3215 1092 3278 Vita
1116 3213 1259 3278 virtutis⁹
1282 3217 1442 3292 cordium,
1459 3216 1498 3278 In
1523 3237 1601 3279 con·

486 3314 601 3386 spectu
617 3302 811 3383 angelorum
828 3302 935 3378 Votis,
958 3323 1040 3365 voce
1066 3301 1255 3384 psallimus:
1279 3302 1496 3365 Alternantes
1522 3325 1601 3367 con-

394 3390 562 3473 crepando
579 3390 687 3452 Melos
702 3391 821 3452 damus
836 3388 981 3452 vocibus.

461 3476 700 3540 Collaudamus
722 3486 926 3550 venerantes,
942 3473 1071 3538 Omnes
1093 3475 1154 3538 celi
1178 3474 1307 3539 milites.
1353 3475 1421 3539 Sed
1447 3479 1600 3559 precipue

396 3564 572 3645 primatem
600 3563 740 3627 Celestis
763 3565 929 3625 exercitus
954 3562 1152 3625 Michaelem
1177 3564 1209 3625 in
1226 3564 1347 3625 virtute
1363 3562 1598 3627 Conterentem

396 3650 556 3713 Zabulon.

462 3736 540 3819 Quo
555 3737 693 3799 custode
709 3736 821 3819 procul
839 3735 924 3819 pelle
949 3736 1025 3798 Rex
1048 3735 1168 3799 christe
1194 3735 1340 3818 pijssime
1373 3735 1484 3799 Omne
1507 3736 1601 3800 nefas

395 3823 519 3887 inimici
545 3824 675 3887 Mundo
698 3824 805 3898 corde,
828 3835 861 3886 et
884 3844 1021 3905 corpore
1046 3823 1204 3885 Paradiso
1228 3823 1330 3886 redde
1353 3834 1410 3885 tuo
1435 3823 1506 3885 Nos
1529 3825 1600 3888 sola

395 3910 579 3975 clementia.

461 3997 608 4062 Gloriam
635 3998 718 4080 patri
739 3996 879 4059 melodis
897 3997 1116 4059 Personemus
1131 3997 1287 4059 vocibus:
1313 3996 1460 4059 Gloriam
1477 3997 1600 4060 christo

395 4105 575 4148 canamus:
599 4084 746 4148 Gloriam
776 4084 943 4165 paracleto
971 4084 1037 4167 Qui
1065 4086 1170 4146 trinus
1197 4094 1231 4145 et
1258 4104 1341 4146 vnus
1366 4085 1467 4145 deus:
1494 4086 1601 4148 Extat

395 4182 473 4235 ante
488 4172 606 4234 secula.
655 4172 774 4234 Arnen.

461 4259 660 4339 Arrtsplrona.
706 4257 796 4319 Dum
837 4278 964 4319 sacrum
1012 4258 1206 4338 mysterium
1253 4268 1400 4320 cerneret
1447 4259 1600 4334 IoanneS,

399 4345 543 4408 Michael
559 4343 778 4422 archangelus
794 4344 874 4406 tuba
890 4346 1018 4407 cecinit.
1067 4345 1207 4425 Ignosce
1222 4344 1356 4407 domine
1381 4344 1462 4408 deus
1489 4357 1601 4408 noster

397 4433 454 4513 qui
470 4434 579 4514 aperis
595 4432 735 4494 librum:
759 4441 791 4492 et
808 4431 909 4493 soluis
925 4431 1095 4513 signacula
1111 4433 1181 4494 eius
1196 4431 1360 4495 halleluia.

444 4566 452 4597 ²
470 4568 504 4617 di.
519 4579 558 4629 27.
573 4570 602 4615 r'n
615 4585 647 4616 nr.
867 4564 879 4595 ²
894 4567 1104 4616 detrudebantur:
1123 4566 1161 4630 38.

443 4631 454 4662 ³
471 4633 606 4698 postridie:
626 4631 664 4695 38.
680 4642 726 4682 ete.
869 4631 879 4660 ⁴
895 4632 1026 4680 dedicata:
1046 4631 1084 4695 38.

443 4697 516 4747 lam.
532 4696 570 4760 38.
867 4694 878 4726 ⁶
894 4697 1005 4745 natalia:
1025 4710 1062 4760 39.
1340 4697 1350 4729 ⁷
1367 4699 1452 4746 an'nur
1466 4713 1476 4746 .·
1492 4709 1525 4759 39

444 4762 609 4813 ⁸Tausalso
620 4762 659 4825 38.
673 4762 713 4812 66.
744 4762 854 4812 christe:
873 4774 912 4824 39.
927 4770 974 4810 etc.
1050 4762 1212 4811 υΤΙιιιεαΙςα
1223 4762 1262 4826 38.
1298 4762 1390 4813 virtus:
1410 4775 1448 4827 39.
1463 4772 1510 4812 etc.
