<?xml version="1.0" encoding="UTF-8"?>
<!DOCTYPE html PUBLIC "-//W3C//DTD XHTML 1.0 Transitional//EN"
    "http://www.w3.org/TR/xhtml1/DTD/xhtml1-transitional.dtd">
<html xmlns="http://www.w3.org/1999/xhtml" xml:lang="en" lang="en">
 <head>
  <title>
</title>
<meta http-equiv="Content-Type" content="text/html;charset=utf-8" />
  <meta name='ocr-system' content='tesseract 3.04.00' />
  <meta name='ocr-capabilities' content='ocr_page ocr_carea ocr_par ocr_line ocrx_word'/>
</head>
<body>
  <div class='ocr_page' id='page_1' title='image "./secondrecension00churgoog_0065.png"; bbox 0 0 3992 5759; ppageno 0'>
   <div class='ocr_carea' id='block_1_1' title="bbox 767 701 1212 775">
    <p class='ocr_par' dir='ltr' id='par_1_1' title="bbox 767 701 1212 775">
     <span class='ocr_line' id='line_1_1' title="bbox 767 701 1212 775; baseline -0.009 -22"><span class='ocrx_word' id='word_1_1' title='bbox 767 703 949 775; x_wconf 61' lang='lat' dir='ltr'><em>REGULAE</em></span> <span class='ocrx_word' id='word_1_2' title='bbox 979 701 1212 751; x_wconf 75' lang='lat' dir='ltr'><em>GENERALES.</em></span> 
     </span>
    </p>
   </div>
   <div class='ocr_carea' id='block_1_2' title="bbox 872 1023 1128 1091">
    <p class='ocr_par' dir='ltr' id='par_1_2' title="bbox 872 1023 1128 1091">
     <span class='ocr_line' id='line_1_2' title="bbox 872 1023 1128 1091; baseline -0.02 0"><span class='ocrx_word' id='word_1_3' title='bbox 872 1023 1128 1091; x_wconf 64' lang='lat' dir='ltr'>SECUNDA}</span> 
     </span>
    </p>
   </div>
   <div class='ocr_carea' id='block_1_3' title="bbox 567 1211 1426 1296">
    <p class='ocr_par' dir='ltr' id='par_1_3' title="bbox 567 1211 1426 1296">
     <span class='ocr_line' id='line_1_3' title="bbox 567 1211 1426 1296; baseline 0 -20"><span class='ocrx_word' id='word_1_4' title='bbox 567 1215 666 1277; x_wconf 88' lang='lat' dir='ltr'>Vnde</span> <span class='ocrx_word' id='word_1_5' title='bbox 682 1213 908 1296; x_wconf 83' lang='lat' dir='ltr'><em>incipiendum</em></span> <span class='ocrx_word' id='word_1_6' title='bbox 925 1214 968 1276; x_wconf 90' lang='lat' dir='ltr'><em>sit</em></span> <span class='ocrx_word' id='word_1_7' title='bbox 983 1211 1129 1276; x_wconf 85' lang='lat' dir='ltr'><em>officium</em></span> <span class='ocrx_word' id='word_1_8' title='bbox 1145 1212 1284 1295; x_wconf 82' lang='lat' dir='ltr'><em>singulis</em></span> <span class='ocrx_word' id='word_1_9' title='bbox 1299 1213 1426 1276; x_wconf 77' lang='lat' dir='ltr'><em>diebuS.</em></span> 
     </span>
    </p>
   </div>
   <div class='ocr_carea' id='block_1_4' title="bbox 386 1389 1609 4168">
    <p class='ocr_par' dir='ltr' id='par_1_4' title="bbox 386 1389 1609 4168">
     <span class='ocr_line' id='line_1_4' title="bbox 450 1389 1606 1473; baseline -0.001 -18"><span class='ocrx_word' id='word_1_10' title='bbox 450 1400 484 1469; x_wconf 70' lang='lat'><em>01</em></span> <span class='ocrx_word' id='word_1_11' title='bbox 506 1392 699 1455; x_wconf 82' lang='lat' dir='ltr'><em>Notandum</em></span> <span class='ocrx_word' id='word_1_12' title='bbox 720 1392 809 1473; x_wconf 89' lang='lat' dir='ltr'><em>quod</em></span> <span class='ocrx_word' id='word_1_13' title='bbox 817 1393 1069 1473; x_wconf 84' lang='lat' dir='ltr'><em>quandocunque</em></span> <span class='ocrx_word' id='word_1_14' title='bbox 1073 1390 1122 1472; x_wconf 84' lang='lat' dir='ltr'><em>fit</em></span> <span class='ocrx_word' id='word_1_15' title='bbox 1145 1389 1283 1472; x_wconf 88' lang='lat' dir='ltr'><em>officium</em></span> <span class='ocrx_word' id='word_1_16' title='bbox 1305 1391 1344 1454; x_wconf 89' lang='lat' dir='ltr'><em>de</em></span> <span class='ocrx_word' id='word_1_17' title='bbox 1365 1391 1535 1467; x_wconf 77' lang='lat' dir='ltr'><em>donurn&#39;ca,</em></span> <span class='ocrx_word' id='word_1_18' title='bbox 1551 1394 1606 1454; x_wconf 76' lang='lat' dir='ltr'><em>vel</em></span> 
     </span>
     <span class='ocr_line' id='line_1_5' title="bbox 392 1477 1599 1560; baseline -0.001 -18"><span class='ocrx_word' id='word_1_19' title='bbox 392 1481 432 1542; x_wconf 89' lang='lat' dir='ltr'><em>de</em></span> <span class='ocrx_word' id='word_1_20' title='bbox 442 1481 547 1560; x_wconf 78' lang='lat' dir='ltr'><em>seria,</em></span> <span class='ocrx_word' id='word_1_21' title='bbox 576 1488 637 1542; x_wconf 90' lang='lat' dir='ltr'><em>aut</em></span> <span class='ocrx_word' id='word_1_22' title='bbox 660 1481 751 1558; x_wconf 91' lang='lat' dir='ltr'><em>sesto</em></span> <span class='ocrx_word' id='word_1_23' title='bbox 774 1478 937 1559; x_wconf 85' lang='lat' dir='ltr'><em>simplici:</em></span> <span class='ocrx_word' id='word_1_24' title='bbox 974 1479 1051 1541; x_wconf 87' lang='lat' dir='ltr'><em>item</em></span> <span class='ocrx_word' id='word_1_25' title='bbox 1084 1478 1124 1540; x_wconf 88' lang='lat' dir='ltr'><em>de</em></span> <span class='ocrx_word' id='word_1_26' title='bbox 1144 1479 1309 1539; x_wconf 92' lang='lat' dir='ltr'><em>communi</em></span> <span class='ocrx_word' id='word_1_27' title='bbox 1329 1477 1415 1540; x_wconf 91' lang='lat' dir='ltr'><em>beate</em></span> <span class='ocrx_word' id='word_1_28' title='bbox 1445 1479 1599 1560; x_wconf 61' lang='lat' dir='ltr'><em>virginid</em></span> 
     </span>
     <span class='ocr_line' id='line_1_6' title="bbox 393 1564 1596 1646; baseline 0 -18"><span class='ocrx_word' id='word_1_29' title='bbox 393 1568 429 1628; x_wconf 90' lang='lat' dir='ltr'><em>in</em></span> <span class='ocrx_word' id='word_1_30' title='bbox 443 1567 595 1641; x_wconf 82' lang='lat' dir='ltr'><em>sabbatis,</em></span> <span class='ocrx_word' id='word_1_31' title='bbox 609 1577 734 1646; x_wconf 91' lang='lat' dir='ltr'><em>semper</em></span> <span class='ocrx_word' id='word_1_32' title='bbox 746 1564 1052 1646; x_wconf 76' lang='lat' dir='ltr'><em>inape&#39;turofficium</em></span> <span class='ocrx_word' id='word_1_33' title='bbox 1067 1585 1089 1626; x_wconf 91' lang='lat' dir='ltr'><em>a</em></span> <span class='ocrx_word' id='word_1_34' title='bbox 1113 1566 1281 1627; x_wconf 91' lang='lat' dir='ltr'><em>matutino.</em></span> <span class='ocrx_word' id='word_1_35' title='bbox 1329 1565 1466 1642; x_wconf 84' lang='lat' dir='ltr'><em>Quando</em></span> <span class='ocrx_word' id='word_1_36' title='bbox 1488 1576 1596 1628; x_wconf 87' lang='lat' dir='ltr'><em>autom</em></span> 
     </span>
     <span class='ocr_line' id='line_1_7' title="bbox 391 1650 1597 1734; baseline -0.002 -17"><span class='ocrx_word' id='word_1_37' title='bbox 391 1654 571 1717; x_wconf 73' lang='lat' dir='ltr'><em>ccubratur</em></span> <span class='ocrx_word' id='word_1_38' title='bbox 585 1654 713 1733; x_wconf 83' lang='lat' dir='ltr'><em>festum</em></span> <span class='ocrx_word' id='word_1_39' title='bbox 735 1652 858 1733; x_wconf 81' lang='lat' dir='ltr'><em>duplex,</em></span> <span class='ocrx_word' id='word_1_40' title='bbox 872 1662 998 1733; x_wconf 91' lang='lat' dir='ltr'><em>semper</em></span> <span class='ocrx_word' id='word_1_41' title='bbox 1016 1652 1086 1714; x_wconf 89' lang='lat' dir='ltr'><em>eius</em></span> <span class='ocrx_word' id='word_1_42' title='bbox 1099 1650 1236 1732; x_wconf 83' lang='lat' dir='ltr'><em>officium</em></span> <span class='ocrx_word' id='word_1_43' title='bbox 1252 1652 1410 1733; x_wconf 84' lang='lat' dir='ltr'><em>imepitur</em></span> <span class='ocrx_word' id='word_1_44' title='bbox 1421 1674 1442 1714; x_wconf 84' lang='lat' dir='ltr'><em>a</em></span> <span class='ocrx_word' id='word_1_45' title='bbox 1458 1654 1597 1734; x_wconf 87' lang='lat' dir='ltr'><em>vesperis</em></span> 
     </span>
     <span class='ocr_line' id='line_1_8' title="bbox 393 1738 1598 1821; baseline -0.001 -19"><span class='ocrx_word' id='word_1_46' title='bbox 393 1742 429 1803; x_wconf 91' lang='lat' dir='ltr'><em>in</em></span> <span class='ocrx_word' id='word_1_47' title='bbox 468 1741 520 1802; x_wconf 89' lang='lat' dir='ltr'><em>die</em></span> <span class='ocrx_word' id='word_1_48' title='bbox 543 1739 733 1821; x_wconf 73' lang='lat' dir='ltr'><em>precedenti</em></span> <span class='ocrx_word' id='word_1_49' title='bbox 765 1739 835 1800; x_wconf 89' lang='lat' dir='ltr'><em>nisi</em></span> <span class='ocrx_word' id='word_1_50' title='bbox 872 1739 1003 1800; x_wconf 88' lang='lat' dir='ltr'><em>dicende</em></span> <span class='ocrx_word' id='word_1_51' title='bbox 1031 1739 1101 1800; x_wconf 90' lang='lat' dir='ltr'><em>sint</em></span> <span class='ocrx_word' id='word_1_52' title='bbox 1128 1738 1167 1800; x_wconf 89' lang='lat' dir='ltr'><em>de</em></span> <span class='ocrx_word' id='word_1_53' title='bbox 1199 1738 1265 1800; x_wconf 77' lang='lat' dir='ltr'><em>aleo</em></span> <span class='ocrx_word' id='word_1_54' title='bbox 1294 1739 1416 1819; x_wconf 83' lang='lat' dir='ltr'><em>duplici</em></span> <span class='ocrx_word' id='word_1_55' title='bbox 1453 1740 1598 1802; x_wconf 84' lang='lat' dir='ltr'><em>maiore:</em></span> 
     </span>
     <span class='ocr_line' id='line_1_9' title="bbox 392 1825 1602 1910; baseline -0.002 -20"><span class='ocrx_word' id='word_1_56' title='bbox 392 1828 530 1910; x_wconf 87' lang='lat' dir='ltr'><em>exempli</em></span> <span class='ocrx_word' id='word_1_57' title='bbox 553 1827 679 1908; x_wconf 80' lang='lat' dir='ltr'><em>grotta.</em></span> <span class='ocrx_word' id='word_1_58' title='bbox 724 1825 770 1888; x_wconf 79' lang='lat' dir='ltr'><em>Si</em></span> <span class='ocrx_word' id='word_1_59' title='bbox 796 1826 941 1888; x_wconf 89' lang='lat' dir='ltr'><em>crastina</em></span> <span class='ocrx_word' id='word_1_60' title='bbox 971 1825 1025 1887; x_wconf 88' lang='lat' dir='ltr'><em>die</em></span> <span class='ocrx_word' id='word_1_61' title='bbox 1060 1825 1212 1888; x_wconf 75' lang='lat' dir='ltr'><em>incederit</em></span> <span class='ocrx_word' id='word_1_62' title='bbox 1235 1826 1364 1903; x_wconf 84' lang='lat' dir='ltr'><em>festum</em></span> <span class='ocrx_word' id='word_1_63' title='bbox 1375 1849 1388 1888; x_wconf 93' lang='lat'><em>.·</em></span> <span class='ocrx_word' id='word_1_64' title='bbox 1424 1826 1542 1907; x_wconf 78' lang='lat' dir='ltr'><em>duplex</em></span> <span class='ocrx_word' id='word_1_65' title='bbox 1570 1836 1602 1888; x_wconf 90' lang='lat' dir='ltr'><em>el</em></span> 
     </span>
     <span class='ocr_line' id='line_1_10' title="bbox 395 1911 1600 1994; baseline 0 -19"><span class='ocrx_word' id='word_1_66' title='bbox 395 1916 522 1977; x_wconf 88' lang='lat' dir='ltr'><em>nullum</em></span> <span class='ocrx_word' id='word_1_67' title='bbox 551 1913 653 1983; x_wconf 87' lang='lat' dir='ltr'><em>aliud.</em></span> <span class='ocrx_word' id='word_1_68' title='bbox 668 1913 788 1994; x_wconf 89' lang='lat' dir='ltr'><em>duplex</em></span> <span class='ocrx_word' id='word_1_69' title='bbox 799 1911 893 1975; x_wconf 82' lang='lat' dir='ltr'><em>bodie</em></span> <span class='ocrx_word' id='word_1_70' title='bbox 915 1912 1093 1988; x_wconf 82' lang='lat' dir='ltr'><em>celebretur,</em></span> <span class='ocrx_word' id='word_1_71' title='bbox 1109 1923 1233 1991; x_wconf 87' lang='lat' dir='ltr'><em>vespere</em></span> <span class='ocrx_word' id='word_1_72' title='bbox 1255 1912 1348 1975; x_wconf 81' lang='lat' dir='ltr'><em>leodic</em></span> <span class='ocrx_word' id='word_1_73' title='bbox 1371 1912 1501 1975; x_wconf 80' lang='lat' dir='ltr'><em>dicende</em></span> <span class='ocrx_word' id='word_1_74' title='bbox 1521 1923 1600 1975; x_wconf 92' lang='lat' dir='ltr'><em>sunt</em></span> 
     </span>
     <span class='ocr_line' id='line_1_11' title="bbox 394 1998 1598 2082; baseline -0.002 -18"><span class='ocrx_word' id='word_1_75' title='bbox 394 2002 433 2064; x_wconf 89' lang='lat' dir='ltr'><em>de</em></span> <span class='ocrx_word' id='word_1_76' title='bbox 455 2003 544 2081; x_wconf 82' lang='lat' dir='ltr'><em>sesto</em></span> <span class='ocrx_word' id='word_1_77' title='bbox 565 2000 689 2082; x_wconf 84' lang='lat' dir='ltr'><em>duplici</em></span> <span class='ocrx_word' id='word_1_78' title='bbox 714 1999 784 2061; x_wconf 88' lang='lat' dir='ltr'><em>dici</em></span> <span class='ocrx_word' id='word_1_79' title='bbox 810 1999 957 2074; x_wconf 78' lang='lat' dir='ltr'><em>crastino,</em></span> <span class='ocrx_word' id='word_1_80' title='bbox 982 2009 1015 2061; x_wconf 90' lang='lat' dir='ltr'><em>et</em></span> <span class='ocrx_word' id='word_1_81' title='bbox 1043 1998 1200 2061; x_wconf 87' lang='lat' dir='ltr'><em>similiter</em></span> <span class='ocrx_word' id='word_1_82' title='bbox 1226 1999 1261 2062; x_wconf 91' lang='lat' dir='ltr'><em>si</em></span> <span class='ocrx_word' id='word_1_83' title='bbox 1287 1998 1381 2061; x_wconf 82' lang='lat' dir='ltr'><em>leodic</em></span> <span class='ocrx_word' id='word_1_84' title='bbox 1407 1999 1598 2061; x_wconf 65' lang='lat' dir='ltr'><em>celebratur3</em></span> 
     </span>
     <span class='ocr_line' id='line_1_12' title="bbox 386 2085 1594 2168; baseline -0.002 -17"><span class='ocrx_word' id='word_1_85' title='bbox 386 2091 514 2168; x_wconf 85' lang='lat' dir='ltr'><em>festum</em></span> <span class='ocrx_word' id='word_1_86' title='bbox 528 2087 646 2168; x_wconf 78' lang='lat' dir='ltr'><em>duplex</em></span> <span class='ocrx_word' id='word_1_87' title='bbox 668 2086 786 2162; x_wconf 90' lang='lat' dir='ltr'><em>minus,</em></span> <span class='ocrx_word' id='word_1_88' title='bbox 800 2096 832 2148; x_wconf 91' lang='lat' dir='ltr'><em>et</em></span> <span class='ocrx_word' id='word_1_89' title='bbox 845 2086 990 2148; x_wconf 85' lang='lat' dir='ltr'><em>crastino</em></span> <span class='ocrx_word' id='word_1_90' title='bbox 1005 2086 1058 2147; x_wconf 87' lang='lat' dir='ltr'><em>die</em></span> <span class='ocrx_word' id='word_1_91' title='bbox 1078 2095 1227 2148; x_wconf 88' lang='lat' dir='ltr'><em>occurrat</em></span> <span class='ocrx_word' id='word_1_92' title='bbox 1240 2085 1339 2146; x_wconf 81' lang='lat' dir='ltr'><em>aliud</em></span> <span class='ocrx_word' id='word_1_93' title='bbox 1356 2086 1480 2166; x_wconf 89' lang='lat' dir='ltr'><em>duplex,</em></span> <span class='ocrx_word' id='word_1_94' title='bbox 1494 2088 1594 2168; x_wconf 86' lang='lat' dir='ltr'><em>qnod·</em></span> 
     </span>
     <span class='ocr_line' id='line_1_13' title="bbox 394 2171 1599 2256; baseline -0.001 -19"><span class='ocrx_word' id='word_1_95' title='bbox 394 2196 518 2256; x_wconf 85' lang='lat' dir='ltr'><em>cunque</em></span> <span class='ocrx_word' id='word_1_96' title='bbox 543 2175 613 2236; x_wconf 90' lang='lat' dir='ltr'><em>sit:</em></span> <span class='ocrx_word' id='word_1_97' title='bbox 634 2173 706 2235; x_wconf 88' lang='lat' dir='ltr'><em>siue</em></span> <span class='ocrx_word' id='word_1_98' title='bbox 735 2173 845 2235; x_wconf 91' lang='lat' dir='ltr'><em>minus</em></span> <span class='ocrx_word' id='word_1_99' title='bbox 875 2174 946 2234; x_wconf 89' lang='lat' dir='ltr'><em>siue</em></span> <span class='ocrx_word' id='word_1_100' title='bbox 971 2172 1081 2234; x_wconf 83' lang='lat' dir='ltr'><em>rrcaius</em></span> <span class='ocrx_word' id='word_1_101' title='bbox 1104 2183 1229 2253; x_wconf 83' lang='lat' dir='ltr'><em>vespere</em></span> <span class='ocrx_word' id='word_1_102' title='bbox 1253 2171 1347 2234; x_wconf 75' lang='lat' dir='ltr'><em>ludu</em></span> <span class='ocrx_word' id='word_1_103' title='bbox 1369 2174 1498 2235; x_wconf 79' lang='lat' dir='ltr'><em>dicende</em></span> <span class='ocrx_word' id='word_1_104' title='bbox 1520 2184 1599 2236; x_wconf 88' lang='lat' dir='ltr'><em>sunt</em></span> 
     </span>
     <span class='ocr_line' id='line_1_14' title="bbox 395 2259 1602 2342; baseline -0.002 -17"><span class='ocrx_word' id='word_1_105' title='bbox 395 2263 436 2325; x_wconf 84' lang='lat' dir='ltr'><em>de</em></span> <span class='ocrx_word' id='word_1_106' title='bbox 456 2264 546 2342; x_wconf 83' lang='lat' dir='ltr'><em>sesto</em></span> <span class='ocrx_word' id='word_1_107' title='bbox 578 2260 702 2342; x_wconf 83' lang='lat' dir='ltr'><em>duplici</em></span> <span class='ocrx_word' id='word_1_108' title='bbox 727 2260 796 2322; x_wconf 71' lang='lat' dir='ltr'><em>diei</em></span> <span class='ocrx_word' id='word_1_109' title='bbox 837 2260 977 2322; x_wconf 80' lang='lat' dir='ltr'><em>crastino</em></span> <span class='ocrx_word' id='word_1_110' title='bbox 1011 2269 1044 2322; x_wconf 89' lang='lat' dir='ltr'><em>et</em></span> <span class='ocrx_word' id='word_1_111' title='bbox 1071 2259 1177 2340; x_wconf 87' lang='lat' dir='ltr'><em>finita</em></span> <span class='ocrx_word' id='word_1_112' title='bbox 1205 2260 1277 2320; x_wconf 85' lang='lat' dir='ltr'><em>eius</em></span> <span class='ocrx_word' id='word_1_113' title='bbox 1304 2260 1454 2333; x_wconf 77' lang='lat' dir='ltr'><em>oratione,</em></span> <span class='ocrx_word' id='word_1_114' title='bbox 1486 2262 1602 2322; x_wconf 89' lang='lat' dir='ltr'><em>statim</em></span> 
     </span>
     <span class='ocr_line' id='line_1_15' title="bbox 388 2345 1603 2431; baseline -0.001 -21"><span class='ocrx_word' id='word_1_115' title='bbox 388 2349 550 2431; x_wconf 81' lang='lat' dir='ltr'><em>premisso</em></span> <span class='ocrx_word' id='word_1_116' title='bbox 575 2345 720 2410; x_wconf 86' lang='lat' dir='ltr'><em>Oremus</em></span> <span class='ocrx_word' id='word_1_117' title='bbox 740 2346 876 2409; x_wconf 88' lang='lat' dir='ltr'><em>dicenda</em></span> <span class='ocrx_word' id='word_1_118' title='bbox 900 2355 948 2408; x_wconf 92' lang='lat' dir='ltr'><em>est</em></span> <span class='ocrx_word' id='word_1_119' title='bbox 976 2346 1080 2407; x_wconf 88' lang='lat' dir='ltr'><em>oratio</em></span> <span class='ocrx_word' id='word_1_120' title='bbox 1093 2345 1182 2425; x_wconf 81' lang='lat' dir='ltr'><em>sesti</em></span> <span class='ocrx_word' id='word_1_121' title='bbox 1208 2346 1346 2427; x_wconf 82' lang='lat' dir='ltr'><em>duplices</em></span> <span class='ocrx_word' id='word_1_122' title='bbox 1374 2345 1524 2409; x_wconf 78' lang='lat' dir='ltr'><em>hodierni</em></span> <span class='ocrx_word' id='word_1_123' title='bbox 1539 2360 1603 2429; x_wconf 91' lang='lat' dir='ltr'><em>pro</em></span> 
     </span>
     <span class='ocr_line' id='line_1_16' title="bbox 395 2432 1600 2499; baseline -0.002 0"><span class='ocrx_word' id='word_1_124' title='bbox 395 2437 466 2499; x_wconf 79' lang='lat' dir='ltr'><em>erus</em></span> <span class='ocrx_word' id='word_1_125' title='bbox 487 2434 802 2497; x_wconf 69' lang='lat' dir='ltr'><em>commemoratum:</em></span> <span class='ocrx_word' id='word_1_126' title='bbox 824 2433 939 2495; x_wconf 86' lang='lat' dir='ltr'><em>deinde</em></span> <span class='ocrx_word' id='word_1_127' title='bbox 963 2432 1205 2495; x_wconf 83' lang='lat' dir='ltr'><em>Benedicamus</em></span> <span class='ocrx_word' id='word_1_128' title='bbox 1229 2443 1281 2495; x_wconf 80' lang='lat' dir='ltr'><em>etc,</em></span> <span class='ocrx_word' id='word_1_129' title='bbox 1299 2432 1463 2496; x_wconf 89' lang='lat' dir='ltr'><em>Fidelium</em></span> <span class='ocrx_word' id='word_1_130' title='bbox 1489 2436 1600 2497; x_wconf 81' lang='lat' dir='ltr'><em>anime</em></span> 
     </span>
     <span class='ocr_line' id='line_1_17' title="bbox 395 2519 1602 2602; baseline -0.002 -17"><span class='ocrx_word' id='word_1_131' title='bbox 395 2533 449 2585; x_wconf 88' lang='lat' dir='ltr'><em>etc.</em></span> <span class='ocrx_word' id='word_1_132' title='bbox 494 2521 543 2584; x_wconf 85' lang='lat' dir='ltr'><em>Et</em></span> <span class='ocrx_word' id='word_1_133' title='bbox 555 2521 661 2584; x_wconf 89' lang='lat' dir='ltr'><em>codem</em></span> <span class='ocrx_word' id='word_1_134' title='bbox 677 2520 967 2600; x_wconf 71' lang='lat' dir='ltr'><em>madefaciendum</em></span> <span class='ocrx_word' id='word_1_135' title='bbox 989 2530 1045 2595; x_wconf 89' lang='lat' dir='ltr'><em>cst,</em></span> <span class='ocrx_word' id='word_1_136' title='bbox 1060 2519 1189 2600; x_wconf 89' lang='lat' dir='ltr'><em>quondo</em></span> <span class='ocrx_word' id='word_1_137' title='bbox 1203 2520 1339 2602; x_wconf 87' lang='lat' dir='ltr'><em>aliquod</em></span> <span class='ocrx_word' id='word_1_138' title='bbox 1354 2521 1472 2601; x_wconf 80' lang='lat' dir='ltr'><em>duplex</em></span> <span class='ocrx_word' id='word_1_139' title='bbox 1494 2522 1602 2582; x_wconf 89' lang='lat' dir='ltr'><em>mains</em></span> 
     </span>
     <span class='ocr_line' id='line_1_18' title="bbox 398 2605 1603 2691; baseline -0.002 -19"><span class='ocrx_word' id='word_1_140' title='bbox 398 2609 546 2691; x_wconf 87' lang='lat' dir='ltr'><em>sequitur</em></span> <span class='ocrx_word' id='word_1_141' title='bbox 572 2607 759 2669; x_wconf 86' lang='lat' dir='ltr'><em>immediate</em></span> <span class='ocrx_word' id='word_1_142' title='bbox 780 2617 857 2688; x_wconf 89' lang='lat' dir='ltr'><em>post</em></span> <span class='ocrx_word' id='word_1_143' title='bbox 884 2605 981 2668; x_wconf 81' lang='lat' dir='ltr'><em>aliud</em></span> <span class='ocrx_word' id='word_1_144' title='bbox 1008 2606 1126 2687; x_wconf 83' lang='lat' dir='ltr'><em>duplex</em></span> <span class='ocrx_word' id='word_1_145' title='bbox 1146 2607 1262 2670; x_wconf 78' lang='lat' dir='ltr'><em>mains.</em></span> <span class='ocrx_word' id='word_1_146' title='bbox 1308 2606 1353 2669; x_wconf 82' lang='lat' dir='ltr'><em>Si</em></span> <span class='ocrx_word' id='word_1_147' title='bbox 1371 2618 1481 2669; x_wconf 88' lang='lat' dir='ltr'><em>autern</em></span> <span class='ocrx_word' id='word_1_148' title='bbox 1510 2608 1603 2669; x_wconf 73' lang='lat' dir='ltr'><em>leodic</em></span> 
     </span>
     <span class='ocr_line' id='line_1_19' title="bbox 397 2693 1601 2775; baseline -0.001 -17"><span class='ocrx_word' id='word_1_149' title='bbox 397 2695 576 2758; x_wconf 87' lang='lat' dir='ltr'><em>celebratur</em></span> <span class='ocrx_word' id='word_1_150' title='bbox 602 2694 720 2775; x_wconf 90' lang='lat' dir='ltr'><em>duplex</em></span> <span class='ocrx_word' id='word_1_151' title='bbox 742 2694 859 2769; x_wconf 88' lang='lat' dir='ltr'><em>maius,</em></span> <span class='ocrx_word' id='word_1_152' title='bbox 880 2703 912 2754; x_wconf 91' lang='lat' dir='ltr'><em>ct</em></span> <span class='ocrx_word' id='word_1_153' title='bbox 932 2694 1077 2755; x_wconf 80' lang='lat' dir='ltr'><em>crastino</em></span> <span class='ocrx_word' id='word_1_154' title='bbox 1098 2693 1152 2754; x_wconf 91' lang='lat' dir='ltr'><em>die</em></span> <span class='ocrx_word' id='word_1_155' title='bbox 1174 2694 1331 2755; x_wconf 68' lang='lat' dir='ltr'><em>ocmrrat*</em></span> <span class='ocrx_word' id='word_1_156' title='bbox 1344 2694 1461 2775; x_wconf 88' lang='lat' dir='ltr'><em>duplex</em></span> <span class='ocrx_word' id='word_1_157' title='bbox 1482 2695 1601 2768; x_wconf 78' lang='lat' dir='ltr'><em>inicius,</em></span> 
     </span>
     <span class='ocr_line' id='line_1_20' title="bbox 398 2778 1603 2864; baseline -0.003 -19"><span class='ocrx_word' id='word_1_158' title='bbox 398 2795 525 2864; x_wconf 86' lang='lat' dir='ltr'><em>vespere</em></span> <span class='ocrx_word' id='word_1_159' title='bbox 547 2781 641 2844; x_wconf 80' lang='lat' dir='ltr'><em>leodic</em></span> <span class='ocrx_word' id='word_1_160' title='bbox 661 2781 791 2844; x_wconf 78' lang='lat' dir='ltr'><em>dicende</em></span> <span class='ocrx_word' id='word_1_161' title='bbox 811 2790 890 2842; x_wconf 91' lang='lat' dir='ltr'><em>sunt</em></span> <span class='ocrx_word' id='word_1_162' title='bbox 911 2780 951 2841; x_wconf 91' lang='lat' dir='ltr'><em>de</em></span> <span class='ocrx_word' id='word_1_163' title='bbox 971 2780 1095 2860; x_wconf 90' lang='lat' dir='ltr'><em>duplici</em></span> <span class='ocrx_word' id='word_1_164' title='bbox 1124 2780 1245 2842; x_wconf 91' lang='lat' dir='ltr'><em>maiore</em></span> <span class='ocrx_word' id='word_1_165' title='bbox 1272 2778 1432 2855; x_wconf 82' lang='lat' dir='ltr'><em>lcodierno,</em></span> <span class='ocrx_word' id='word_1_166' title='bbox 1453 2791 1485 2843; x_wconf 90' lang='lat' dir='ltr'><em>el</em></span> <span class='ocrx_word' id='word_1_167' title='bbox 1497 2781 1603 2862; x_wconf 85' lang='lat' dir='ltr'><em>finito</em></span> 
     </span>
     <span class='ocr_line' id='line_1_21' title="bbox 398 2866 1605 2948; baseline -0.002 -16"><span class='ocrx_word' id='word_1_168' title='bbox 398 2871 468 2932; x_wconf 77' lang='lat' dir='ltr'><em>etus</em></span> <span class='ocrx_word' id='word_1_169' title='bbox 489 2869 634 2931; x_wconf 90' lang='lat' dir='ltr'><em>oratione</em></span> <span class='ocrx_word' id='word_1_170' title='bbox 653 2868 769 2930; x_wconf 90' lang='lat' dir='ltr'><em>statim</em></span> <span class='ocrx_word' id='word_1_171' title='bbox 782 2877 846 2948; x_wconf 85' lang='lat' dir='ltr'><em>pro</em></span> <span class='ocrx_word' id='word_1_172' title='bbox 870 2868 1165 2929; x_wconf 79' lang='lat' dir='ltr'><em>concrnemoranone</em></span> <span class='ocrx_word' id='word_1_173' title='bbox 1189 2866 1328 2947; x_wconf 88' lang='lat' dir='ltr'><em>duplicis</em></span> <span class='ocrx_word' id='word_1_174' title='bbox 1358 2867 1506 2929; x_wconf 78' lang='lat' dir='ltr'><em>minoris⁵</em></span> <span class='ocrx_word' id='word_1_175' title='bbox 1535 2868 1605 2931; x_wconf 76' lang='lat' dir='ltr'><em>diei</em></span> 
     </span>
     <span class='ocr_line' id='line_1_22' title="bbox 398 2950 1603 3035; baseline -0.001 -17"><span class='ocrx_word' id='word_1_176' title='bbox 398 2956 539 3019; x_wconf 86' lang='lat' dir='ltr'><em>crastr&#39;nc</em></span> <span class='ocrx_word' id='word_1_177' title='bbox 573 2955 729 3017; x_wconf 87' lang='lat' dir='ltr'><em>dicuntur</em></span> <span class='ocrx_word' id='word_1_178' title='bbox 763 2954 832 3015; x_wconf 85' lang='lat' dir='ltr'><em>erus</em></span> <span class='ocrx_word' id='word_1_179' title='bbox 863 2951 1048 3035; x_wconf 79' lang='lat' dir='ltr'><em>antiplcone⁶</em></span> <span class='ocrx_word' id='word_1_180' title='bbox 1084 2963 1116 3014; x_wconf 91' lang='lat' dir='ltr'><em>ct</em></span> <span class='ocrx_word' id='word_1_181' title='bbox 1150 2950 1267 3015; x_wconf 69' lang='lat' dir='ltr'><em>oratio7</em></span> <span class='ocrx_word' id='word_1_182' title='bbox 1304 2955 1436 3034; x_wconf 84' lang='lat' dir='ltr'><em>proprie</em></span> <span class='ocrx_word' id='word_1_183' title='bbox 1475 2954 1523 3035; x_wconf 88' lang='lat' dir='ltr'><em>(si</em></span> <span class='ocrx_word' id='word_1_184' title='bbox 1548 2976 1603 3017; x_wconf 87' lang='lat' dir='ltr'><em>cas</em></span> 
     </span>
     <span class='ocr_line' id='line_1_23' title="bbox 398 3038 1602 3122; baseline -0.002 -16"><span class='ocrx_word' id='word_1_185' title='bbox 398 3041 562 3121; x_wconf 83' lang='lat' dir='ltr'><em>babuerit)</em></span> <span class='ocrx_word' id='word_1_186' title='bbox 597 3041 743 3122; x_wconf 91' lang='lat' dir='ltr'><em>alioquin</em></span> <span class='ocrx_word' id='word_1_187' title='bbox 775 3040 815 3102; x_wconf 90' lang='lat' dir='ltr'><em>de</em></span> <span class='ocrx_word' id='word_1_188' title='bbox 849 3040 1018 3103; x_wconf 85' lang='lat' dir='ltr'><em>corremuui.</em></span> <span class='ocrx_word' id='word_1_189' title='bbox 1062 3038 1123 3101; x_wconf 84' lang='lat' dir='ltr'><em>⁸Et</em></span> <span class='ocrx_word' id='word_1_190' title='bbox 1157 3038 1355 3120; x_wconf 78' lang='lat' dir='ltr'><em>sccpradtcta⁸</em></span> <span class='ocrx_word' id='word_1_191' title='bbox 1391 3040 1602 3122; x_wconf 58' lang='lat' dir='ltr'><em>intelligenda</em></span> 
     </span>
     <span class='ocr_line' id='line_1_24' title="bbox 397 3126 1604 3210; baseline -0.001 -19"><span class='ocrx_word' id='word_1_192' title='bbox 397 3140 476 3192; x_wconf 89' lang='lat' dir='ltr'><em>sunt</em></span> <span class='ocrx_word' id='word_1_193' title='bbox 499 3128 634 3210; x_wconf 80' lang='lat' dir='ltr'><em>exceptis</em></span> <span class='ocrx_word' id='word_1_194' title='bbox 654 3127 847 3208; x_wconf 88' lang='lat' dir='ltr'><em>quibusdam</em></span> <span class='ocrx_word' id='word_1_195' title='bbox 867 3127 979 3206; x_wconf 87' lang='lat' dir='ltr'><em>festis,</em></span> <span class='ocrx_word' id='word_1_196' title='bbox 1006 3137 1038 3189; x_wconf 91' lang='lat' dir='ltr'><em>et</em></span> <span class='ocrx_word' id='word_1_197' title='bbox 1059 3126 1181 3190; x_wconf 88' lang='lat' dir='ltr'><em>octauis</em></span> <span class='ocrx_word' id='word_1_198' title='bbox 1210 3127 1397 3208; x_wconf 78' lang='lat' dir='ltr'><em>duplicibus,</em></span> <span class='ocrx_word' id='word_1_199' title='bbox 1419 3127 1456 3189; x_wconf 86' lang='lat' dir='ltr'><em>in</em></span> <span class='ocrx_word' id='word_1_200' title='bbox 1487 3129 1604 3209; x_wconf 85' lang='lat' dir='ltr'><em>quibus</em></span> 
     </span>
     <span class='ocr_line' id='line_1_25' title="bbox 398 3213 1607 3295; baseline -0.001 -17"><span class='ocrx_word' id='word_1_201' title='bbox 398 3217 499 3279; x_wconf 89' lang='lat' dir='ltr'><em>aliter</em></span> <span class='ocrx_word' id='word_1_202' title='bbox 518 3215 701 3290; x_wconf 89' lang='lat' dir='ltr'><em>ordinatur,</em></span> <span class='ocrx_word' id='word_1_203' title='bbox 717 3225 754 3276; x_wconf 86' lang='lat' dir='ltr'><em>ut</em></span> <span class='ocrx_word' id='word_1_204' title='bbox 774 3215 845 3276; x_wconf 90' lang='lat' dir='ltr'><em>suis</em></span> <span class='ocrx_word' id='word_1_205' title='bbox 867 3213 943 3276; x_wconf 88' lang='lat' dir='ltr'><em>locis</em></span> <span class='ocrx_word' id='word_1_206' title='bbox 963 3213 1134 3276; x_wconf 82' lang='lat' dir='ltr'><em>videbitur.</em></span> <span class='ocrx_word' id='word_1_207' title='bbox 1179 3213 1371 3276; x_wconf 90' lang='lat' dir='ltr'><em>Notandum</em></span> <span class='ocrx_word' id='word_1_208' title='bbox 1386 3224 1495 3276; x_wconf 91' lang='lat' dir='ltr'><em>autem</em></span> <span class='ocrx_word' id='word_1_209' title='bbox 1517 3215 1607 3295; x_wconf 86' lang='lat' dir='ltr'><em>qnod</em></span> 
     </span>
     <span class='ocr_line' id='line_1_26' title="bbox 401 3300 1603 3385; baseline -0.002 -19"><span class='ocrx_word' id='word_1_210' title='bbox 401 3323 569 3385; x_wconf 87' lang='lat' dir='ltr'><em>nunquam</em></span> <span class='ocrx_word' id='word_1_211' title='bbox 600 3301 690 3364; x_wconf 85' lang='lat' dir='ltr'><em>debet</em></span> <span class='ocrx_word' id='word_1_212' title='bbox 718 3300 803 3382; x_wconf 85' lang='lat' dir='ltr'><em>fieri</em></span> <span class='ocrx_word' id='word_1_213' title='bbox 831 3301 1085 3362; x_wconf 80' lang='lat' dir='ltr'><em>correrncmoratio</em></span> <span class='ocrx_word' id='word_1_214' title='bbox 1115 3301 1154 3362; x_wconf 87' lang='lat' dir='ltr'><em>de</em></span> <span class='ocrx_word' id='word_1_215' title='bbox 1173 3302 1263 3380; x_wconf 89' lang='lat' dir='ltr'><em>sesto</em></span> <span class='ocrx_word' id='word_1_216' title='bbox 1294 3301 1443 3381; x_wconf 89' lang='lat' dir='ltr'><em>simplici,</em></span> <span class='ocrx_word' id='word_1_217' title='bbox 1474 3313 1534 3364; x_wconf 90' lang='lat' dir='ltr'><em>ant</em></span> <span class='ocrx_word' id='word_1_218' title='bbox 1563 3303 1603 3364; x_wconf 91' lang='lat' dir='ltr'><em>de</em></span> 
     </span>
     <span class='ocr_line' id='line_1_27' title="bbox 400 3387 1602 3470; baseline -0.001 -18"><span class='ocrx_word' id='word_1_219' title='bbox 400 3390 488 3452; x_wconf 79' lang='lat' dir='ltr'><em>ferra</em></span> <span class='ocrx_word' id='word_1_220' title='bbox 509 3390 546 3451; x_wconf 91' lang='lat' dir='ltr'><em>in</em></span> <span class='ocrx_word' id='word_1_221' title='bbox 565 3387 719 3451; x_wconf 84' lang='lat' dir='ltr'><em>laudibus</em></span> <span class='ocrx_word' id='word_1_222' title='bbox 732 3398 764 3450; x_wconf 91' lang='lat' dir='ltr'><em>et</em></span> <span class='ocrx_word' id='word_1_223' title='bbox 786 3388 932 3469; x_wconf 80' lang='lat' dir='ltr'><em>vesperis,</em></span> <span class='ocrx_word' id='word_1_224' title='bbox 941 3398 1151 3468; x_wconf 86' lang='lat' dir='ltr'><em>preterquam</em></span> <span class='ocrx_word' id='word_1_225' title='bbox 1175 3387 1214 3449; x_wconf 88' lang='lat' dir='ltr'><em>de</em></span> <span class='ocrx_word' id='word_1_226' title='bbox 1230 3388 1333 3468; x_wconf 75' lang='lat' dir='ltr'><em>serrjs</em></span> <span class='ocrx_word' id='word_1_227' title='bbox 1356 3388 1602 3470; x_wconf 86' lang='lat' dir='ltr'><em>quadragesime</em></span> 
     </span>
     <span class='ocr_line' id='line_1_28' title="bbox 400 3474 1602 3558; baseline -0.002 -18"><span class='ocrx_word' id='word_1_228' title='bbox 400 3488 437 3540; x_wconf 83' lang='lat' dir='ltr'><em>ut</em></span> <span class='ocrx_word' id='word_1_229' title='bbox 466 3477 502 3539; x_wconf 88' lang='lat' dir='ltr'><em>in</em></span> <span class='ocrx_word' id='word_1_230' title='bbox 524 3476 620 3557; x_wconf 78' lang='lat' dir='ltr'><em>seria</em></span> <span class='ocrx_word' id='word_1_231' title='bbox 647 3484 768 3555; x_wconf 82' lang='lat' dir='ltr'><em>quarta</em></span> <span class='ocrx_word' id='word_1_232' title='bbox 797 3475 941 3537; x_wconf 82' lang='lat' dir='ltr'><em>cinermn</em></span> <span class='ocrx_word' id='word_1_233' title='bbox 962 3475 1147 3555; x_wconf 89' lang='lat' dir='ltr'><em>explicatur.</em></span> <span class='ocrx_word' id='word_1_234' title='bbox 1192 3474 1244 3536; x_wconf 87' lang='lat' dir='ltr'><em>Dc</em></span> <span class='ocrx_word' id='word_1_235' title='bbox 1275 3474 1438 3537; x_wconf 81' lang='lat' dir='ltr'><em>dorninica</em></span> <span class='ocrx_word' id='word_1_236' title='bbox 1460 3496 1534 3537; x_wconf 90' lang='lat' dir='ltr'><em>vcro</em></span> <span class='ocrx_word' id='word_1_237' title='bbox 1555 3476 1602 3558; x_wconf 86' lang='lat' dir='ltr'><em>fil</em></span> 
     </span>
     <span class='ocr_line' id='line_1_29' title="bbox 399 3560 1604 3642; baseline -0.002 -15"><span class='ocrx_word' id='word_1_238' title='bbox 399 3562 655 3627; x_wconf 85' lang='lat' dir='ltr'><em>commemoratio</em></span> <span class='ocrx_word' id='word_1_239' title='bbox 662 3573 725 3642; x_wconf 87' lang='lat' dir='ltr'><em>per</em></span> <span class='ocrx_word' id='word_1_240' title='bbox 744 3561 920 3624; x_wconf 80' lang='lat' dir='ltr'><em>oratiorum</em></span> <span class='ocrx_word' id='word_1_241' title='bbox 943 3570 1071 3624; x_wconf 91' lang='lat' dir='ltr'><em>tantum</em></span> <span class='ocrx_word' id='word_1_242' title='bbox 1087 3561 1122 3622; x_wconf 90' lang='lat' dir='ltr'><em>in</em></span> <span class='ocrx_word' id='word_1_243' title='bbox 1136 3560 1290 3624; x_wconf 90' lang='lat' dir='ltr'><em>laudibus</em></span> <span class='ocrx_word' id='word_1_244' title='bbox 1302 3571 1334 3623; x_wconf 87' lang='lat' dir='ltr'><em>et</em></span> <span class='ocrx_word' id='word_1_245' title='bbox 1347 3563 1487 3642; x_wconf 81' lang='lat' dir='ltr'><em>vesperis</em></span> <span class='ocrx_word' id='word_1_246' title='bbox 1501 3563 1604 3642; x_wconf 81' lang='lat' dir='ltr'><em>ipsius</em></span> 
     </span>
     <span class='ocr_line' id='line_1_30' title="bbox 400 3647 1606 3730; baseline -0.001 -18"><span class='ocrx_word' id='word_1_247' title='bbox 400 3651 558 3712; x_wconf 86' lang='lat' dir='ltr'><em>dominice</em></span> <span class='ocrx_word' id='word_1_248' title='bbox 584 3649 713 3730; x_wconf 85' lang='lat' dir='ltr'><em>quando</em></span> <span class='ocrx_word' id='word_1_249' title='bbox 741 3648 777 3710; x_wconf 90' lang='lat' dir='ltr'><em>in</em></span> <span class='ocrx_word' id='word_1_250' title='bbox 806 3669 844 3710; x_wconf 91' lang='lat' dir='ltr'><em>ea</em></span> <span class='ocrx_word' id='word_1_251' title='bbox 872 3648 1050 3711; x_wconf 86' lang='lat' dir='ltr'><em>celebratur</em></span> <span class='ocrx_word' id='word_1_252' title='bbox 1077 3647 1213 3729; x_wconf 85' lang='lat' dir='ltr'><em>aliquod</em></span> <span class='ocrx_word' id='word_1_253' title='bbox 1226 3649 1356 3727; x_wconf 87' lang='lat' dir='ltr'><em>festum</em></span> <span class='ocrx_word' id='word_1_254' title='bbox 1389 3648 1513 3729; x_wconf 88' lang='lat' dir='ltr'><em>duplex,</em></span> <span class='ocrx_word' id='word_1_255' title='bbox 1545 3661 1606 3711; x_wconf 89' lang='lat' dir='ltr'><em>ant</em></span> 
     </span>
     <span class='ocr_line' id='line_1_31' title="bbox 400 3734 1602 3817; baseline -0.002 -17"><span class='ocrx_word' id='word_1_256' title='bbox 400 3748 515 3801; x_wconf 89' lang='lat' dir='ltr'><em>octaua</em></span> <span class='ocrx_word' id='word_1_257' title='bbox 543 3756 583 3798; x_wconf 89' lang='lat' dir='ltr'><em>ex</em></span> <span class='ocrx_word' id='word_1_258' title='bbox 603 3736 654 3816; x_wconf 87' lang='lat' dir='ltr'><em>ijs,</em></span> <span class='ocrx_word' id='word_1_259' title='bbox 675 3756 736 3817; x_wconf 90' lang='lat' dir='ltr'><em>quc</em></span> <span class='ocrx_word' id='word_1_260' title='bbox 763 3735 968 3797; x_wconf 91' lang='lat' dir='ltr'><em>continentur</em></span> <span class='ocrx_word' id='word_1_261' title='bbox 990 3735 1025 3796; x_wconf 90' lang='lat' dir='ltr'><em>in</em></span> <span class='ocrx_word' id='word_1_262' title='bbox 1054 3734 1238 3797; x_wconf 88' lang='lat' dir='ltr'><em>calendario</em></span> <span class='ocrx_word' id='word_1_263' title='bbox 1266 3735 1400 3815; x_wconf 86' lang='lat' dir='ltr'><em>exceptis</em></span> <span class='ocrx_word' id='word_1_264' title='bbox 1424 3736 1602 3811; x_wconf 87' lang='lat' dir='ltr'><em>dominicis,</em></span> 
     </span>
     <span class='ocr_line' id='line_1_32' title="bbox 401 3821 1602 3908; baseline -0.002 -22"><span class='ocrx_word' id='word_1_265' title='bbox 401 3825 518 3908; x_wconf 86' lang='lat' dir='ltr'><em>quibus</em></span> <span class='ocrx_word' id='word_1_266' title='bbox 547 3844 609 3884; x_wconf 90' lang='lat' dir='ltr'><em>non</em></span> <span class='ocrx_word' id='word_1_267' title='bbox 639 3833 687 3884; x_wconf 85' lang='lat' dir='ltr'><em>est</em></span> <span class='ocrx_word' id='word_1_268' title='bbox 721 3822 892 3903; x_wconf 86' lang='lat' dir='ltr'><em>assignata</em></span> <span class='ocrx_word' id='word_1_269' title='bbox 926 3822 1049 3885; x_wconf 82' lang='lat' dir='ltr'><em>Oratio.</em></span> <span class='ocrx_word' id='word_1_270' title='bbox 1094 3821 1142 3884; x_wconf 86' lang='lat' dir='ltr'><em>Et</em></span> <span class='ocrx_word' id='word_1_271' title='bbox 1168 3821 1325 3882; x_wconf 84' lang='lat' dir='ltr'><em>similiter</em></span> <span class='ocrx_word' id='word_1_272' title='bbox 1355 3822 1484 3902; x_wconf 87' lang='lat' dir='ltr'><em>quando</em></span> <span class='ocrx_word' id='word_1_273' title='bbox 1510 3823 1602 3902; x_wconf 81' lang='lat' dir='ltr'><em>infra</em></span> 
     </span>
     <span class='ocr_line' id='line_1_33' title="bbox 400 3906 1604 3992; baseline 0 -22"><span class='ocrx_word' id='word_1_274' title='bbox 400 3912 548 3992; x_wconf 84' lang='lat' dir='ltr'><em>aliquem</em></span> <span class='ocrx_word' id='word_1_275' title='bbox 563 3919 709 3972; x_wconf 89' lang='lat' dir='ltr'><em>octauam</em></span> <span class='ocrx_word' id='word_1_276' title='bbox 724 3909 902 3971; x_wconf 86' lang='lat' dir='ltr'><em>celebratur</em></span> <span class='ocrx_word' id='word_1_277' title='bbox 913 3908 1011 3970; x_wconf 90' lang='lat' dir='ltr'><em>aliud</em></span> <span class='ocrx_word' id='word_1_278' title='bbox 1011 3910 1141 3988; x_wconf 80' lang='lat' dir='ltr'><em>festum</em></span> <span class='ocrx_word' id='word_1_279' title='bbox 1155 3907 1273 3989; x_wconf 92' lang='lat' dir='ltr'><em>duplex</em></span> <span class='ocrx_word' id='word_1_280' title='bbox 1277 3906 1326 3988; x_wconf 84' lang='lat' dir='ltr'><em>fit</em></span> <span class='ocrx_word' id='word_1_281' title='bbox 1349 3910 1604 3971; x_wconf 88' lang='lat' dir='ltr'><em>commemoratio</em></span> 
     </span>
     <span class='ocr_line' id='line_1_34' title="bbox 400 3994 1609 4077; baseline -0.003 -16"><span class='ocrx_word' id='word_1_282' title='bbox 400 3998 441 4061; x_wconf 90' lang='lat' dir='ltr'><em>de</em></span> <span class='ocrx_word' id='word_1_283' title='bbox 468 4008 582 4060; x_wconf 89' lang='lat' dir='ltr'><em>octaua</em></span> <span class='ocrx_word' id='word_1_284' title='bbox 606 4007 672 4077; x_wconf 89' lang='lat' dir='ltr'><em>per</em></span> <span class='ocrx_word' id='word_1_285' title='bbox 696 3996 873 4058; x_wconf 80' lang='lat' dir='ltr'><em>orationem</em></span> <span class='ocrx_word' id='word_1_286' title='bbox 905 4005 1043 4071; x_wconf 90' lang='lat' dir='ltr'><em>tontum,</em></span> <span class='ocrx_word' id='word_1_287' title='bbox 1074 3994 1143 4056; x_wconf 92' lang='lat' dir='ltr'><em>nisi</em></span> <span class='ocrx_word' id='word_1_288' title='bbox 1169 3995 1204 4057; x_wconf 91' lang='lat' dir='ltr'><em>in</em></span> <span class='ocrx_word' id='word_1_289' title='bbox 1234 3995 1346 4075; x_wconf 86' lang='lat' dir='ltr'><em>aliquo</em></span> <span class='ocrx_word' id='word_1_290' title='bbox 1368 4017 1482 4058; x_wconf 89' lang='lat' dir='ltr'><em>eorum</em></span> <span class='ocrx_word' id='word_1_291' title='bbox 1511 3996 1609 4059; x_wconf 89' lang='lat' dir='ltr'><em>aliud</em></span> 
     </span>
     <span class='ocr_line' id='line_1_35' title="bbox 399 4080 782 4168; baseline -0.016 -19"><span class='ocrx_word' id='word_1_292' title='bbox 399 4084 582 4168; x_wconf 89' lang='lat' dir='ltr'><em>specialiter</em></span> <span class='ocrx_word' id='word_1_293' title='bbox 592 4080 782 4145; x_wconf 72' lang='lat' dir='ltr'><em>ordinetur.⁹</em></span> 
     </span>
    </p>
   </div>
   <div class='ocr_carea' id='block_1_5' title="bbox 453 4556 1520 4822">
    <p class='ocr_par' dir='ltr' id='par_1_5' title="bbox 454 4556 1394 4626">
     <span class='ocr_line' id='line_1_36' title="bbox 454 4556 1394 4626; baseline -0.001 -16"><span class='ocrx_word' id='word_1_294' title='bbox 454 4560 463 4591; x_wconf 88' lang='lat'>¹</span> <span class='ocrx_word' id='word_1_295' title='bbox 482 4561 595 4626; x_wconf 66' lang='lat' dir='ltr'><em>Regale:</em></span> <span class='ocrx_word' id='word_1_296' title='bbox 612 4562 668 4610; x_wconf 79' lang='lat' dir='ltr'><em>aaa</em></span> <span class='ocrx_word' id='word_1_297' title='bbox 682 4573 722 4624; x_wconf 85' lang='lat'><em>43.</em></span> <span class='ocrx_word' id='word_1_298' title='bbox 736 4559 775 4609; x_wconf 69' lang='lat' dir='ltr'><em>bu</em></span> <span class='ocrx_word' id='word_1_299' title='bbox 789 4559 830 4608; x_wconf 84' lang='lat'><em>61.</em></span> <span class='ocrx_word' id='word_1_300' title='bbox 843 4559 884 4622; x_wconf 86' lang='lat'><em>63.</em></span> <span class='ocrx_word' id='word_1_301' title='bbox 898 4558 937 4619; x_wconf 80' lang='lat'><em>64</em></span> <span class='ocrx_word' id='word_1_302' title='bbox 951 4557 992 4608; x_wconf 92' lang='grc'><em>66.</em></span> <span class='ocrx_word' id='word_1_303' title='bbox 1157 4556 1169 4588; x_wconf 75' lang='lat'>²</span> <span class='ocrx_word' id='word_1_304' title='bbox 1185 4560 1282 4609; x_wconf 76' lang='lat' dir='ltr'><em>Mario:</em></span> <span class='ocrx_word' id='word_1_305' title='bbox 1301 4572 1339 4622; x_wconf 81' lang='lat'><em>39.</em></span> <span class='ocrx_word' id='word_1_306' title='bbox 1354 4573 1394 4619; x_wconf 82' lang='lat'><em>41.</em></span> 
     </span>
    </p>

    <p class='ocr_par' dir='ltr' id='par_1_6' title="bbox 453 4623 1520 4755">
     <span class='ocr_line' id='line_1_37' title="bbox 454 4623 1520 4688; baseline 0 -12"><span class='ocrx_word' id='word_1_307' title='bbox 454 4625 465 4656; x_wconf 78' lang='lat'><strong>³</strong></span> <span class='ocrx_word' id='word_1_308' title='bbox 480 4628 633 4676; x_wconf 80' lang='lat' dir='ltr'><em>celebretur:</em></span> <span class='ocrx_word' id='word_1_309' title='bbox 650 4638 691 4688; x_wconf 58' lang='grc'><em>46</em></span> <span class='ocrx_word' id='word_1_310' title='bbox 899 4623 910 4654; x_wconf 77' lang='lat'>⁴</span> <span class='ocrx_word' id='word_1_311' title='bbox 925 4634 1082 4675; x_wconf 82' lang='lat' dir='ltr'><em>occurreret:</em></span> <span class='ocrx_word' id='word_1_312' title='bbox 1099 4624 1139 4687; x_wconf 80' lang='lat'><em>63.</em></span> <span class='ocrx_word' id='word_1_313' title='bbox 1337 4624 1347 4652; x_wconf 72' lang='lat'><strong>³</strong></span> <span class='ocrx_word' id='word_1_314' title='bbox 1364 4626 1461 4676; x_wconf 82' lang='lat' dir='ltr'><em>minus:</em></span> <span class='ocrx_word' id='word_1_315' title='bbox 1479 4625 1520 4687; x_wconf 74' lang='lat'><em>64</em></span> 
     </span>
     <span class='ocr_line' id='line_1_38' title="bbox 453 4688 1422 4755; baseline -0.002 -15"><span class='ocrx_word' id='word_1_316' title='bbox 453 4690 465 4722; x_wconf 77' lang='lat'>⁸</span> <span class='ocrx_word' id='word_1_317' title='bbox 484 4693 555 4741; x_wconf 77' lang='lat' dir='ltr'><em>Thus</em></span> <span class='ocrx_word' id='word_1_318' title='bbox 564 4694 616 4740; x_wconf 87' lang='lat' dir='ltr'><em>also</em></span> <span class='ocrx_word' id='word_1_319' title='bbox 626 4690 666 4754; x_wconf 78' lang='lat'><em>38.</em></span> <span class='ocrx_word' id='word_1_320' title='bbox 679 4689 719 4739; x_wconf 90' lang='grc'><em>66.</em></span> <span class='ocrx_word' id='word_1_321' title='bbox 754 4689 910 4755; x_wconf 85' lang='lat' dir='ltr'><em>antiphona:</em></span> <span class='ocrx_word' id='word_1_322' title='bbox 928 4701 967 4752; x_wconf 65' lang='lat'><em>39</em></span> <span class='ocrx_word' id='word_1_323' title='bbox 982 4698 1030 4739; x_wconf 88' lang='lat' dir='ltr'><em>etc.</em></span> <span class='ocrx_word' id='word_1_324' title='bbox 1141 4688 1151 4720; x_wconf 87' lang='lat'>⁷</span> <span class='ocrx_word' id='word_1_325' title='bbox 1167 4689 1309 4740; x_wconf 82' lang='lat' dir='ltr'><em>orationes:</em></span> <span class='ocrx_word' id='word_1_326' title='bbox 1327 4690 1367 4740; x_wconf 89' lang='grc'><em>61.</em></span> <span class='ocrx_word' id='word_1_327' title='bbox 1380 4690 1422 4751; x_wconf 83' lang='lat'><em>64.</em></span> 
     </span>
    </p>

    <p class='ocr_par' dir='ltr' id='par_1_7' title="bbox 453 4751 1371 4822">
     <span class='ocr_line' id='line_1_39' title="bbox 453 4751 1371 4822; baseline -0.004 -14"><span class='ocrx_word' id='word_1_328' title='bbox 453 4754 507 4795; x_wconf 56' lang='grc' dir='ltr'><em>’Δ</em></span> <span class='ocrx_word' id='word_1_329' title='bbox 524 4756 739 4822; x_wconf 78' lang='lat' dir='ltr'><em>Exsupndictis:</em></span> <span class='ocrx_word' id='word_1_330' title='bbox 756 4767 796 4820; x_wconf 82' lang='lat'><em>39.</em></span> <span class='ocrx_word' id='word_1_331' title='bbox 1142 4751 1313 4805; x_wconf 64' lang='lat' dir='ltr'><em>’ordinatum</em></span> <span class='ocrx_word' id='word_1_332' title='bbox 1331 4755 1371 4816; x_wconf 83' lang='lat'><em>64</em></span> 
     </span>
    </p>
   </div>
   <div class='ocr_carea' id='block_1_6' title="bbox 0 0 2012 5759">
    <p class='ocr_par' dir='ltr' id='par_1_8' title="bbox 0 0 2012 5759">
     <span class='ocr_line' id='line_1_40' title="bbox 0 0 2012 5759; baseline 0 0"><span class='ocrx_word' id='word_1_333' title='bbox 0 0 2012 5759; x_wconf 95' lang='lat' dir='ltr'><em> </em></span> 
     </span>
    </p>
   </div>
  </div>
 </body>
</html>
