3992 5759
754 1386 823 1448 AD
862 1384 1231 1450 saxetlssntvx

518 1554 650 1615 Patrem
665 1564 700 1616 et
717 1552 902 1615 Dominum
918 1563 1071 1615 nostrum
1089 1553 1228 1615 Paulum
1244 1554 1380 1617 tertium
1397 1555 1469 1618 Pon

538 1640 661 1703 tificem
678 1641 876 1702 maximum.
921 1639 1089 1702 Francisci
1106 1639 1290 1721 Quignonij
1307 1641 1395 1704 tituli
1409 1642 1454 1706 .S.

612 1726 729 1791 Crucis
743 1728 777 1788 in
796 1726 976 1789 Ierusalem
992 1726 1176 1807 presbyteri
1192 1725 1379 1791 cardinalis

654 1814 690 1876 in
704 1812 904 1875 bruihrium
920 1815 1076 1894 proxime
1090 1813 1289 1887 consectum,
1303 1835 1342 1877 ac

734 1900 848 1963 denuo
863 1901 1082 1983 recognitum,
1096 1900 1258 1981 praesatio.

401 2218 652 2349 BReuiarium
670 2216 862 2278 Romanum
882 2235 988 2298 nuper
1009 2236 1029 2277 a
1052 2216 1149 2278 nobis
1171 2214 1225 2278 ¹le.
1247 2214 1322 2280 rcc¹
1339 2216 1523 2281 Clementis
1537 2221 1599 2283 ‚tii

503 2303 674 2366 Pontificis
712 2302 856 2365 Maximi
901 2303 1036 2366 hortatu
1079 2302 1279 2379 consectum,
1321 2323 1362 2366 ac
1410 2307 1521 2388 potius
1565 2308 1598 2368 in

393 2393 592 2477 ampliorem
636 2410 804 2452 sacrarum
849 2391 1087 2471 scripturarum
1132 2389 1320 2466 lectionem,
1362 2391 1407 2454 ad
1451 2404 1597 2456 veterem

393 2492 585 2543 sanctorum
637 2489 781 2558 patrum,
823 2489 858 2538 et
909 2476 1136 2539 Conciliorum
1189 2479 1402 2558 antiquorum
1458 2479 1598 2543 formam

394 2580 597 2638 motatum,
617 2574 744 2643 tuaque
767 2564 940 2626 voluntate
964 2564 1175 2626 sanctissime
1198 2564 1297 2627 Pater
1317 2565 1457 2641 editum,
1480 2587 1600 2649 graues

394 2654 569 2737 plerusque
584 2672 624 2712 ac
638 2652 757 2712 doctos
780 2651 868 2712 viros
891 2651 938 2712 ita
961 2651 1120 2732 probasse
1142 2661 1177 2713 et
1201 2651 1364 2733 recepisse
1387 2654 1548 2728 intellexi,
1562 2667 1599 2716 tt

394 2741 475 2803 nibil
491 2739 539 2801 in
554 2759 596 2801 eo
617 2735 832 2800 mutandum³
853 2738 1094 2799 existimarent
1139 2736 1236 2800 Alios
1260 2739 1341 2801 item
1365 2740 1601 2804 animaduerti⁸

393 2847 514 2911 graues
558 2827 671 2899 etiam,
714 2836 749 2886 et
801 2825 982 2905 prudentes
1026 2824 1188 2899 homines,
1225 2826 1282 2905 qui
1322 2827 1395 2888 eius
1435 2828 1598 2891 rationem

642 2910 832 2994 probantes,
877 2911 1028 2972 nonnihil
1073 2923 1188 2973 tamen
1233 2912 1266 2973 in
1315 2931 1357 2974 eo
1405 2913 1597 2995 desyderari

393 3000 606 3064 affirmarent
675 2997 762 3059 lllud
798 3018 878 3060 vero
916 3017 1088 3078 nunquam
1132 2998 1283 3061 dubitaui
1328 2999 1398 3062 lore
1433 3002 1468 3063 in
1504 3013 1600 3065 tanta

392 3086 607 3150 multitudine
636 3084 815 3147 nonnullos
837 3104 882 3147 ex
905 3085 944 3146 iis
967 3083 1121 3147 videlicet
1143 3086 1201 3166 qui
1225 3086 1257 3146 in
1284 3085 1418 3148 diuerso
1443 3091 1599 3169 precandi

393 3177 459 3238 ritu
488 3173 749 3243 consenuissent,
773 3172 895 3253 quibus
917 3172 1013 3233 labor
1036 3172 1092 3233 ille
1119 3183 1322 3234 nosternon
1348 3185 1438 3236 esset
1464 3175 1601 3257 perinde

392 3274 517 3344 gratus,
532 3258 805 3321 existimantibus
827 3258 871 3320 ab
893 3259 1079 3321 inueterata
1100 3258 1157 3320 illa
1179 3259 1420 3323 consuetudine
1442 3266 1599 3344 precandi

392 3349 485 3412 nulla
499 3348 628 3410 ratione
641 3344 768 3407 clericis
782 3365 856 3407 csse
870 3345 1118 3407 discedendum
1177 3345 1330 3408 lmorero
1345 3347 1442 3410 nobis
1457 3349 1597 3430 primam

391 3436 575 3498 editionem
605 3432 758 3511 breuiarij
789 3452 856 3493 non
887 3444 1048 3513 tanquam
1080 3433 1381 3514 promulgationem
1413 3435 1497 3517 legis
1525 3456 1599 3499 esse

393 3523 574 3605 placuerat,
595 3522 654 3582 sed
676 3520 772 3600 quasi
795 3518 963 3600 publicam
989 3521 1160 3599 quandam
1182 3519 1467 3597 deliberationem,
1491 3534 1528 3585 tt
1551 3526 1599 3585 sic

394 3609 566 3692 proposita
589 3620 704 3668 nostra
729 3606 905 3679 sententia,
929 3605 1052 3667 iudicia
1077 3606 1256 3669 multorum
1280 3609 1539 3688 exquireremus.
1564 3624 1599 3673 et

392 3698 483 3778 quod
535 3694 687 3756 omnium
731 3692 1040 3755 commodissimum
1092 3703 1128 3755 et
1182 3693 1333 3777 religioni
1387 3714 1428 3757 ac
1482 3698 1599 3778 pietati

392 3780 745 3845 conuenientissimum
790 3778 955 3861 plerisque
1000 3778 1220 3860 prudentibus
1256 3781 1479 3863 grauibusque
1522 3786 1600 3846 siris

393 3873 502 3933 risum
535 3879 623 3930 esset
659 3885 882 3947 sequeremur.
950 3866 1041 3928 Nihil
1077 3868 1168 3929 enim
1205 3868 1355 3930 humano
1390 3868 1597 3933 elaboratum

393 3958 529 4039 ingenio
544 3968 614 4016 tam
629 3967 788 4016 exactum
805 3952 901 4014 initio
921 3973 1069 4034 inquam
1086 3954 1148 4017 luit
1170 3955 1250 4035 quin
1274 3965 1392 4036 postea
1417 3956 1597 4020 multorum

393 4046 575 4106 accedente
604 4041 727 4103 iudicio
757 4039 933 4123 perfectius
963 4039 1057 4102 reddi
1087 4042 1201 4123 possit,
1236 4053 1273 4104 tt
1310 4044 1343 4102 in
1381 4044 1461 4124 ipsis
1498 4046 1599 4107 etiarn

394 4129 626 4194 ecclesiasticis
657 4128 818 4190 institutis
846 4128 933 4188 circa
970 4128 1174 4209 primitiuam
1204 4129 1388 4209 praesertim
1425 4130 1600 4194 ecclesiam

394 4218 576 4300 contigisse
596 4215 759 4276 ridemus.
805 4212 924 4294 ltaque
947 4212 1127 4276 multorum
1158 4215 1332 4294 sententijs
1362 4217 1501 4291 collatis,
1525 4239 1601 4299 quae

394 4306 492 4368 nobis
521 4303 643 4386 partim
676 4301 823 4375 vocibus,
859 4301 980 4381 partim
1019 4301 1150 4382 scriptis
1187 4303 1411 4369 innotuerunt
1442 4305 1599 4367 iudicium

429 4447 481 4486 ¹-J
497 4445 782 4497 filicisrecorduhuis.
798 4457 840 4506 ⁴3.
853 4443 949 4506 63⁶4

514 4508 800 4574 resumptum:
818 4510 971 4572 rasim
986 4509 1087 4558 uam

1065 4768 1357 4819 'imnimduertifflh
