3992 5759
460 735 578 785 Furta
606 735 662 784 ΙΙΙ.
693 733 915 784 ΒΟΜΙΝΙΟΑΕ
942 732 992 782 IV.
1026 732 1364 794 QUADRAGESIMAE.
1479 745 1522 781 111

608 960 650 1024 H
647 960 760 1023 omilia
773 959 881 1023 sancti
893 959 1081 1041 Augustini
1093 960 1232 1041 episcopi.

389 1072 456 1136 Vid
483 1072 672 1136 audiuimus
698 1072 841 1135 iratres?
887 1073 975 1135 Ecce
991 1073 1156 1155 templum
1181 1071 1261 1134 illud
1287 1071 1392 1154 figura
1415 1071 1524 1136 adhuc

404 1170 484 1235 erat,
492 1169 528 1223 et
542 1161 639 1223 eiecit
655 1158 733 1223 inde
748 1158 904 1222 dominus
919 1178 1037 1222 omnes
1053 1161 1108 1240 qui
1126 1179 1186 1222 sua
1203 1159 1395 1241 querebant,
1407 1160 1465 1242 qui
1481 1161 1524 1222 ad

311 1247 483 1311 nundinas
513 1256 681 1311 venerant.
742 1246 787 1309 Et
818 1267 883 1327 que
910 1246 955 1308 illi
986 1248 1203 1309 vendebant?
1261 1246 1323 1309 Illa
1350 1266 1415 1328 que
1442 1267 1526 1328 opus

311 1335 485 1397 habebant
515 1334 669 1396 homines
699 1333 731 1395 in
759 1331 926 1412 sacrificijs
956 1332 1044 1395 illius
1075 1332 1245 1416 temporis.
1302 1332 1407 1396 Nouit
1437 1334 1526 1396 enim

311 1422 461 1485 charitas
476 1430 587 1483 vestra
601 1419 692 1502 quod
709 1418 868 1483 sacrificia
884 1417 930 1481 illi
948 1419 1074 1501 populo
1098 1440 1158 1501 pro
1181 1420 1251 1482 eius
1275 1419 1471 1483 carnalitate
1493 1430 1527 1483 et

311 1508 417 1572 corde
446 1506 556 1570 adhuc
584 1506 718 1590 lapideo
744 1505 824 1569 talia
851 1506 931 1568 data
954 1515 1053 1567 sunt:
1083 1508 1204 1586 quibus
1229 1516 1397 1570 teneretur
1423 1526 1466 1569 ne
1492 1508 1525 1570 in

314 1595 409 1659 idola
435 1593 604 1669 deflueret,
625 1603 659 1656 et
682 1593 902 1656 immolabant
929 1592 973 1655 ibi
1002 1593 1171 1669 sacrificia,
1199 1595 1303 1657 boues
1327 1603 1361 1656 et
1387 1613 1468 1657 oues
1494 1603 1528 1656 et

313 1681 501 1745 columbas.
547 1679 663 1743 Nostis
677 1681 757 1762 quia
773 1681 907 1761 legistis.
954 1680 1031 1741 Non
1055 1699 1135 1760 ergo
1159 1700 1319 1763 magnum
1344 1691 1528 1763 peccatum,

313 1770 343 1832 si
369 1768 434 1831 hoc
458 1766 665 1830 vendebatur
690 1769 722 1828 in
749 1766 898 1847 templo:
931 1766 1022 1846 quod
1046 1766 1220 1829 emebatur
1244 1777 1279 1828 vt
1300 1766 1472 1830 offerretur
1494 1767 1527 1829 in

313 1855 456 1938 templo,
470 1863 504 1916 et
520 1867 632 1916 tamen
648 1855 743 1916 eiecit
760 1853 834 1915 illos
850 1854 936 1916 inde.
983 1852 1074 1934 Quid
1090 1854 1118 1915 si
1135 1853 1180 1916 ibi
1195 1855 1344 1916 ebriosos
1367 1855 1529 1917 inueniret

314 1943 402 2024 quid
418 1941 541 2004 taceret
555 1939 723 2018 dominus,
739 1941 775 2004 Si
791 1941 973 2002 vendentes
989 1960 1029 2002 ea
1045 1960 1110 2021 que
1127 1941 1217 2002 licita
1234 1952 1333 2003 sunt:
1357 1950 1390 2003 et
1412 1953 1529 2004 contra

316 2028 483 2092 iustitiam
514 2047 581 2090 non
612 2038 691 2090 sunt
721 2027 843 2089 eiecit?
900 2025 975 2107 Que
1006 2046 1081 2088 cum
1113 2026 1253 2090 honeste
1279 2038 1434 2090 emuntur
1461 2048 1528 2090 non

315 2115 435 2179 illicite
459 2113 657 2178 venduntur.
715 2113 858 2195 Expulit
884 2122 996 2175 tamen
1021 2123 1054 2175 et
1081 2134 1148 2175 non
1176 2124 1226 2177 est
1250 2135 1366 2196 passus
1389 2114 1527 2177 domum

315 2202 480 2265 orationis
496 2200 564 2263 fieri
581 2202 719 2263 domum
737 2200 981 2282 negotiationis.
1014 2198 1049 2263 Si
1067 2202 1308 2282 negociationis
1323 2201 1445 2264 domus
1461 2221 1527 2264 non

315 2288 423 2353 debet
439 2288 507 2351 lieri
524 2288 645 2351 domus
660 2287 722 2362 dei,
737 2288 920 2369 potationis
935 2288 1036 2350 debet
1053 2287 1145 2349 fieri?
1186 2288 1257 2350 Nos
1269 2297 1380 2350 autem
1394 2289 1530 2369 quando

315 2378 369 2440 eis
407 2377 471 2438 ista
508 2375 650 2438 dicimus
688 2375 829 2437 strident
860 2373 1017 2436 dentibus
1047 2375 1115 2436 suis
1146 2373 1322 2437 aduersum
1355 2395 1423 2438 nos.
1485 2376 1531 2438 Et

316 2462 513 2526 consolatur
551 2482 612 2523 nos
649 2462 798 2543 psalmus
828 2480 927 2542 quem
958 2461 1107 2537 audistis,
1138 2461 1317 2524 striderunt
1347 2482 1447 2545 super
1477 2480 1531 2525 me

316 2548 477 2614 dentibus
493 2545 581 2611 suis.l

868 2676 990 2740 Oratio.

325 2790 488 2920 PResta
517 2809 699 2871 quesumus
726 2789 939 2870 omnipotens
970 2790 1054 2852 deus
1080 2798 1116 2851 vt
1142 2789 1394 2852 obseruationes
1420 2810 1529 2852 sacras

397 2896 509 2940 annua
535 2877 714 2939 deuotione
741 2876 943 2939 recolentes:
976 2885 1011 2938 et
1041 2896 1178 2957 corpore
1190 2877 1251 2939 tibi
1279 2876 1469 2958 placeamus
1496 2887 1530 2940 et

319 2974 443 3028 mente.
491 2964 553 3026 Per
567 2963 750 3025 dominum.

592 3100 747 3176 [Fano
763 3099 819 3180 iij.
864 3099 920 3161 Ex
937 3097 1073 3162 Genesi.2
1117 3099 1223 3162 Lectio
1239 3100 1270 3182 j.

326 3212 462 3341 ERat
484 3220 597 3274 autem
617 3211 789 3274 Abraham
813 3230 918 3273 senex
1008 3211 1267 3275 misericordiam
1292 3233 1369 3276 cum
1392 3211 1531 3276 domino

410 3318 494 3361 meo.

617 3440 651 3511 (Ι
666 3434 723 3496 Ex
735 3434 883 3514 Epistola
898 3433 1026 3498 lncobi.³
1069 3434 1175 3497 Lectio
1191 3436 1234 3516 ij.

397 3547 492 3612 Stote
521 3557 633 3611 autem
665 3547 806 3610 factores
835 3547 935 3621 verbi,
959 3558 994 3610 et
1024 3568 1090 3610 non
1122 3548 1289 3611 auditores
1327 3559 1457 3612 tantum
1492 3600 1513 3614 ..

397 3635 562 3717 redarguti
578 3655 599 3696 a
615 3635 688 3716 lege
703 3635 797 3714 quasi
817 3643 1082 3717 transgressores.

635 3794 746 3858 Tertia
761 3795 848 3857 lectio
865 3797 1038 3857 secundum
1054 3794 1231 3860 loannem!

368 3909 398 3971 N
431 3908 487 3971 illo
510 3918 668 3991 tempore,
694 3907 765 3970 lam
797 3906 850 3969 die
881 3905 966 3969 testo
996 3907 1165 3971 mediante
1199 3909 1349 3972 ascendit
1375 3911 1466 3973 lesus
1497 3911 1530 3973 in

380 3995 552 4079 templum,
566 4004 600 4058 et
615 3994 766 4069 docebat,
781 4003 814 4056 et
829 3993 1080 4057 admirabantur
1098 3995 1200 4059 Iudei.
1246 3997 1291 4059 Et
1311 3996 1444 4078 reliqua.

607 4154 782 4239 Homelio’r
795 4157 902 4219 sancti
914 4157 1100 4238 Augustini
1112 4158 1250 4240 episcopi.

329 4270 429 4401 ILle
443 4271 500 4352 qui
517 4269 650 4345 latebat,
663 4269 814 4345 docebat,
824 4278 859 4332 et
874 4269 985 4352 palam
1003 4270 1201 4350 loquebatur
1215 4282 1249 4333 et
1265 4292 1331 4334 non
1349 4272 1532 4338 tenebatur.

384 4357 470 4421 Illud
484 4358 574 4420 enim
591 4367 625 4419 vt
641 4355 771 4419 lateret⁵
785 4365 857 4419 erat
872 4368 971 4418 causa
986 4356 1143 4439 exempli,
1156 4357 1218 4420 hoc
1235 4361 1417 4440 potestatis,
1463 4358 1531 4423 Sed

321 4464 401 4508 cum
439 4443 574 4507 doceret
611 4443 817 4506 mirabantur
857 4442 958 4506 Iudei.
1018 4442 1148 4506 Omnes
1188 4444 1322 4524 quidem
1368 4455 1530 4526 quantum

323 4531 466 4595 arbitror
488 4531 710 4593 mirabantur:
733 4528 791 4592 sed
818 4549 884 4592 non
909 4549 1027 4592 omnes
1051 4531 1337 4596 conuertebantur.
1384 4534 1429 4595 Et
1444 4534 1532 4597 vnde

373 4716 381 4748 ¹
399 4719 528 4769 Miserere.
544 4727 582 4781 50.
597 4719 652 4766 adal
668 4717 707 4780 63.
814 4714 905 4781 ²Cap.
924 4717 996 4776 24in
1009 4733 1042 4766 m.
1070 4717 1146 4777 [xxiv.
1165 4718 1248 4779 1·14.]

372 4782 426 4845 ³[i.
442 4783 533 4834 22-ii.
549 4783 588 4844 9.]
815 4780 826 4811 ⁴
843 4782 888 4831 Ca.
903 4791 918 4843 7
931 4782 959 4829 in
972 4798 1004 4830 m.
1241 4781 1252 4812 ⁸
1268 4783 1374 4834 laterat:
1392 4783 1430 4847 38.
