3992 5759
851 724 878 771 S.
893 722 940 771 LA
947 722 1148 772 URENTIUS.

856 931 890 1001 ί
912 924 1022 987 lectio
1037 925 1143 988 tertia.

393 1037 589 1169 SEuiente
604 1038 713 1100 adhuc
730 1038 910 1100 Valeriana
926 1040 958 1100 in
975 1039 1173 1100 christianos
1196 1040 1424 1120 persecutione
1447 1058 1513 1120 que
1536 1037 1597 1100 suit

460 1136 535 1207 post
568 1125 737 1188 Neronem
768 1137 896 1196 octaua,
925 1145 1002 1188 cum
1036 1125 1234 1189 laurentius
1264 1127 1399 1188 natione
1425 1125 1598 1206 Hispanus

393 1223 532 1292 xystum
579 1232 701 1294 papam
740 1224 931 1291 martyrem,
968 1214 1062 1274 cuius
1098 1223 1169 1275 erat
1207 1212 1341 1294 pietatis
1385 1213 1597 1274 charissimus

390 1299 584 1380 discipulus,
608 1301 640 1361 in
666 1299 797 1361 vincula
820 1301 1007 1361 coniectum
1032 1300 1188 1373 visitaret,
1213 1302 1319 1362 iussus
1345 1299 1389 1362 ab
1414 1320 1455 1361 eo
1478 1309 1539 1374 est,
1562 1310 1598 1362 vt

393 1386 595 1468 pauperibus
647 1388 754 1467 primo
797 1405 932 1467 quoque
976 1395 1127 1468 tempore
1172 1385 1381 1449 distribueret
1425 1387 1598 1448 thesauros

391 1472 531 1535 ecclesie
559 1492 644 1553 quos
673 1473 817 1535 haberet.
863 1471 964 1554 Quod
997 1473 1196 1536 Laurentius
1225 1472 1402 1555 diligenter
1425 1485 1597 1547 executus,

394 1580 472 1622 cum
489 1571 627 1641 xystum
644 1559 771 1622 videret
787 1562 828 1621 ad
846 1562 1041 1640 martyrium
1058 1560 1214 1634 abstrahi,
1231 1571 1305 1642 post
1320 1580 1397 1621 eum
1420 1560 1598 1623 clamabat.

395 1646 475 1729 Quo
502 1660 595 1728 pater
620 1647 692 1709 abis
719 1649 789 1708 sine
816 1646 909 1708 filio?
941 1667 1009 1728 quo
1036 1646 1189 1709 sacerdos
1216 1650 1287 1709 sine
1318 1647 1444 1709 leuita?
1476 1659 1597 1724 xystus

394 1743 508 1796 autem
525 1734 614 1796 bono
629 1754 705 1795 eum
723 1735 836 1796 animo
851 1754 923 1796 esse
939 1735 1038 1806 iubet,
1056 1755 1132 1795 nam
1150 1734 1219 1796 sore
1242 1744 1277 1796 vt
1300 1754 1335 1795 se
1358 1743 1434 1814 post
1450 1733 1596 1795 triduum

393 1832 596 1903 sequeretur.
643 1821 843 1883 Laurentius
872 1831 984 1882 autem
1017 1841 1036 1882 a
1068 1821 1259 1882 Parthemio
1288 1820 1421 1883 tribuno
1451 1833 1598 1893 vocatus,

395 1909 570 1988 iussusque
593 1909 766 1969 thesauros
789 1908 926 1969 ecclesie
949 1907 1186 1982 demonstrare,
1202 1928 1236 1969 se
1259 1907 1418 1989 postridie
1434 1907 1595 1969 iacturum

395 1994 578 2077 pollicetur.
625 1996 670 2057 Et
701 2005 833 2075 postero
863 1994 917 2056 die
948 1995 997 2073 ¹(vt
1036 2005 1176 2057 testatur
1212 2006 1348 2057 sanctus
1385 1994 1599 2073 Ambrosius)

395 2102 558 2163 pauperes
588 2081 741 2143 adduxit.
804 2082 1096 2163 Interrogatusque
1127 2082 1181 2144 rbi
1204 2094 1315 2143 essent
1338 2081 1491 2153 thesauri,
1515 2101 1599 2162 quos

396 2169 611 2249 promisisset,
649 2170 796 2231 ostendit
842 2189 1012 2250 pauperes,
1049 2168 1171 2230 dicens,
1241 2169 1286 2230 Hi
1332 2180 1409 2230 sunt
1454 2168 1597 2231 thesauri

395 2254 542 2318 ecclesie.
588 2255 683 2316 Tunc
706 2275 784 2317 vero
801 2257 832 2316 in
850 2276 1014 2317 carcerem
1030 2258 1211 2330 coniectus,
1225 2257 1318 2317 cuius
1342 2255 1504 2337 prefectus
1527 2266 1599 2317 erat

399 2341 607 2422 Hippolytus
630 2362 696 2404 non
712 2342 864 2404 cessabat
881 2342 1106 2422 predicatione
1121 2363 1160 2404 ac
1177 2343 1342 2404 miraculis
1364 2343 1464 2404 editis
1485 2342 1598 2404 christi

395 2427 496 2491 fidem
529 2449 720 2510 propagare.
783 2429 870 2490 Nam
911 2428 1053 2491 Lucillio
1090 2430 1233 2504 cuidam,
1269 2431 1326 2511 qui
1365 2430 1528 2510 plorando
1566 2430 1598 2490 in

394 2536 525 2578 carcere
560 2517 667 2578 lucrat
703 2514 898 2590 obsccatus,¹
937 2516 1082 2578 credenti
1122 2517 1227 2577 visum
1267 2519 1428 2597 promisit,
1464 2536 1503 2577 ac
1542 2536 1600 2596 per

396 2602 600 2683 baptismum
637 2605 787 2665 restituit.
834 2603 1127 2685 Hippolytumque
1165 2605 1273 2684 ipsum
1311 2623 1386 2665 cum
1418 2604 1498 2667 xix.
1529 2605 1599 2664 eius

397 2689 522 2751 samilie
546 2690 738 2751 hominibus
760 2690 803 2751 ad
828 2689 997 2753 Christum
1014 2692 1187 2752 conuertit.
1234 2689 1418 2752 Productus
1433 2702 1546 2752 autem
1563 2702 1598 2751 vt

396 2776 571 2839 thesauros
587 2777 749 2858 proderet,
766 2779 980 2858 ipsorumque
996 2777 1148 2840 redderet
1172 2778 1344 2850 rationem,
1359 2777 1450 2859 quod
1474 2776 1598 2838 lactum

396 2874 468 2925 erat
498 2867 665 2945 exposuit,
688 2882 791 2946 seque
822 2864 1022 2945 pauperibus
1055 2865 1145 2944 xysti
1178 2863 1383 2937 mandatum,
1412 2877 1446 2925 et
1477 2862 1599 2926 Christi

396 2951 584 3012 doctrinam
623 2963 772 3013 secutum
811 2950 1026 3013 distribuisse.
1082 2951 1177 3012 Tunc
1214 2970 1293 3012 vero
1330 2951 1428 3012 simul
1467 2961 1602 3032 propter

397 3038 593 3100 distributos
638 3038 810 3100 thesauros
855 3038 951 3099 simul
998 3050 1132 3119 propter
1181 3036 1303 3100 Christi
1356 3038 1598 3099 consessionem

398 3124 627 3206 scorpionibus
665 3127 817 3206 primum,
845 3124 966 3186 deinde
1000 3126 1110 3203 virgis,
1140 3134 1210 3186 tum
1243 3124 1424 3205 plumbatis
1462 3124 1601 3206 flagellis

398 3213 570 3273 seuissimc
596 3211 730 3274 ceditur.
777 3211 907 3293 Quibus
935 3213 1175 3293 patientis-ime
1202 3213 1351 3272 toleratis
1376 3231 1453 3273 cum
1484 3232 1504 3273 a
1535 3211 1599 3273 fide

399 3297 522 3362 Christi
549 3319 614 3360 non
641 3311 753 3380 posset
780 3299 894 3372 auerti,
910 3298 1005 3360 serre‘
1031 3298 1187 3360 craticule
1213 3298 1378 3380 alligatus,
1408 3298 1600 3361 ardentibus

400 3387 513 3466 prunis
538 3387 728 3465 imponitur,
743 3395 777 3447 et
802 3385 893 3448 lento
917 3387 992 3465 igne
1017 3386 1305 3447 constantissimus
1322 3386 1354 3446 in
1373 3385 1437 3448 fide
1453 3396 1602 3459 torretur,

399 3472 506 3534 donec
531 3472 681 3552 spiritum
707 3474 817 3535 emisit
839 3483 959 3553 quarto
974 3472 1048 3534 idus
1064 3473 1218 3555 Augusti.
1263 3471 1367 3535 Cuius
1382 3493 1502 3554 corpus
1516 3474 1603 3534 circa

399 3559 513 3621 vrbem
545 3560 577 3620 in
609 3560 662 3620 via
692 3558 880 3638 Tyburtina
914 3559 1121 3640 Hippolytus
1151 3561 1278 3621 curauit
1309 3560 1536 3641 sepeliendum
1570 3561 1601 3620 in

401 3646 517 3726 predio
533 3644 671 3725 Cyriacc
687 3646 794 3722 vidue,
807 3666 908 3728 quam
933 3646 987 3708 ille
1002 3666 1022 3707 a
1038 3646 1196 3708 diuturno
1212 3646 1329 3709 morbo
1344 3647 1550 3709 liberauerat.

877 3788 909 3856 (
934 3783 995 3844 Ad
1012 3783 1132 3846 laua'es.

466 3894 664 3974 Antiphonti.
714 3895 751 3956 ln
778 3895 935 3957 craticula
961 3904 994 3955 te
1020 3894 1119 3957 deum
1147 3916 1212 3956 non
1238 3897 1367 3975 negaui,
1384 3894 1475 3957 etad
1492 3896 1603 3974 ignem

400 3982 586 4062 applicatus
613 3993 653 4043 te.
700 3982 867 4045 Christum
893 3982 1063 4043 consessus
1087 4003 1158 4043 sum
1185 3982 1330 4063 probasti
1354 4002 1411 4043 cor
1435 4002 1555 4054 mcum,
1570 3993 1604 4044 et

402 4069 540 4130 visitasti
568 4082 675 4142 nocte,
700 4071 776 4151 igne
801 4090 854 4130 me
880 4071 1091 4141 examinasti,
1118 4082 1152 4132 et
1181 4089 1245 4130 non
1274 4080 1324 4129 est
1348 4071 1484 4131 inuenta
1500 4070 1532 4131 in
1551 4090 1604 4130 me

401 4155 566 4234 iniquitas.

893 4293 954 4354 ,ld
966 4305 1118 4373 vesperas.

467 4404 628 4484 Hyrmrus.
676 4406 767 4468 Deus
783 4404 929 4468 tuorum³
945 4397 980 4467 rit
994 4418 1102 4486 supro.

467 4491 665 4572 almiphona.
713 4494 834 4553 Beatus
852 4493 1051 4554 Laurentius
1063 4495 1142 4554 dum
1161 4495 1193 4555 in
1210 4492 1366 4554 craticula
1379 4493 1606 4572 superpositus

401 4591 557 4651 sreretur,
583 4583 625 4641 ad
655 4580 887 4660 impijssimum
920 4590 1100 4658 tyrannum
1132 4581 1231 4650 dixit,
1258 4581 1419 4641 Assatum
1450 4595 1500 4640 est
1530 4579 1607 4651 iam,

564 4722 570 4752 ¹
589 4724 753 4771 obcaecatus:
768 4723 806 4785 38.
821 4738 867 4773 etc.
1231 4723 1242 4753 ²
1259 4725 1360 4773 serrae:
1379 4724 1418 4786 38.

562 4788 572 4817 ³
589 4789 712 4838 militum:
729 4791 785 4837 add.
800 4801 839 4851 39.
853 4803 892 4850 41.
929 4790 985 4849 [See
997 4788 1080 4848 below,
1094 4806 1119 4854 p.
1135 4792 1205 4853 377]
