3992 5759
653 724 845 775 COMMUNE
864 724 1113 774 CONFESSORIS
1128 725 1350 776 PONTIFICIS.
1558 725 1604 790 381

397 876 488 939 Bene
503 896 584 958 ergo
599 886 633 940 et
648 897 794 958 congrue
810 879 842 940 in
859 880 922 941 hac
937 877 991 941 die
1015 875 1129 960 quam¹
1146 879 1242 941 nobis
1265 879 1354 942 beati
1378 880 1480 962 patris
1503 880 1606 942 nostri

398 962 429 1025 N
453 963 552 1025 huius
574 963 617 1026 ad
634 964 824 1046 paradisum
842 966 999 1027 transitus
1021 964 1239 1028 exultabilem
1256 965 1420 1029 reddidit:
1444 968 1606 1049 presentis

395 1050 516 1131 psalmi
531 1051 728 1114 versiculum
745 1050 1018 1114 decantauimus:
1044 1052 1083 1114 ln
1101 1054 1260 1115 memoria
1275 1062 1389 1116 eterna
1407 1055 1469 1116 erit
1492 1054 1604 1116 iustus.

397 1137 510 1219 Digne
532 1139 622 1200 enim
648 1139 681 1199 in
706 1139 901 1201 memoriam
925 1139 1064 1201 vertitur
1086 1139 1281 1202 hominum:
1304 1141 1362 1221 qui
1378 1139 1420 1202 ad
1444 1140 1604 1222 gaudium

394 1223 526 1304 transijt
543 1224 746 1305 angelorum.
792 1222 859 1306 Qui
877 1226 942 1286 iam
960 1227 1101 1307 gratiam
1118 1225 1229 1289 christi
1246 1225 1443 1290 clarificatus
1459 1228 1606 1290 inuenit:

393 1312 473 1392 quia
490 1310 605 1373 mundi
622 1311 761 1392 gloriam
786 1331 852 1374 non
868 1313 1013 1394 quesiuit
1035 1332 1157 1375 cauens
1181 1313 1261 1375 illud
1284 1313 1375 1395 quod
1399 1312 1479 1377 dicit
1494 1334 1604 1376 sermo

395 1398 546 1460 diuinus:
607 1398 659 1461 Ne
690 1398 877 1461 laudaueris
914 1398 1084 1461 hominem
1124 1401 1157 1461 in
1188 1401 1256 1462 vita
1287 1420 1355 1475 sua,
1385 1410 1545 1482 tanquam
1577 1401 1605 1463 si

395 1482 541 1548 diceret.2
587 1484 705 1546 Lauda
721 1498 796 1566 post
811 1487 925 1560 vitam,
941 1484 1119 1566 magnifica
1135 1496 1210 1567 post
1225 1488 1556 1551 consummationem.

729 1646 811 1708 Alia
826 1646 882 1727 iij.
898 1646 987 1708 leciri)
1001 1667 1042 1708 ex
1053 1646 1278 1710 Ecclesiastico.

402 1757 534 1887 ECce
564 1759 717 1821 sacerdos
748 1779 890 1840 magnus
920 1761 977 1842 qui
1009 1761 1042 1822 in
1078 1760 1195 1822 diebus
1224 1761 1291 1822 suis
1322 1760 1446 1840 placuit
1476 1760 1540 1823 deo
1570 1770 1604 1824 et

495 1847 650 1908 inuentus
679 1856 730 1908 est
768 1848 880 1921 iustus,
910 1856 944 1908 et
975 1848 1006 1908 in
1039 1856 1188 1928 tempore
1219 1847 1386 1910 iracundie
1417 1847 1524 1910 factus
1553 1858 1604 1910 est

395 1932 627 1996 reconciliatio.
688 1932 764 1995 Non
795 1943 846 1995 est
877 1935 1033 1996 inuentus
1063 1934 1179 1995 similis
1213 1933 1268 2011 illi,
1298 1935 1356 2016 qui
1394 1945 1604 1997 conseruaret

394 2017 503 2100 legem
527 2019 660 2083 excelsi.
722 2019 803 2083 Ideo
826 2018 1037 2083 iureiurando
1058 2019 1135 2083 lecit
1158 2021 1250 2083 illum
1281 2022 1437 2084 dominus
1459 2041 1604 2084 crescere

394 2106 427 2167 in
452 2105 583 2186 plebem
608 2126 711 2170 suam.
757 2106 1029 2169 Benedictionem
1061 2108 1211 2169 omnium
1242 2110 1391 2190 gentium
1416 2108 1508 2170 dedit
1540 2107 1604 2170 illi:

394 2202 428 2254 et
452 2203 688 2255 testamentum
717 2214 813 2255 suum
837 2194 1047 2256 confirmauit
1070 2215 1168 2276 super
1189 2203 1291 2275 caput
1312 2196 1390 2257 eius.
1437 2194 1605 2276 Cognouit

393 2299 470 2341 eum
488 2281 520 2341 in
538 2280 824 2342 benedictionibus
847 2283 923 2362 suis,
937 2283 1148 2343 conseruauit
1163 2280 1209 2343 illi
1226 2281 1483 2344 misericordiam
1500 2301 1604 2353 suam,

393 2375 428 2427 et
451 2367 578 2428 inuenit
604 2368 746 2448 gratiam
770 2387 882 2429 coram
906 2367 1010 2430 oculis
1032 2367 1168 2429 domini.
1215 2367 1446 2448 Magnificauit
1468 2388 1545 2431 eum
1570 2369 1603 2430 in

393 2463 573 2533 conspectu
605 2473 730 2534 regum,
759 2464 793 2516 et
824 2454 916 2516 dedit
947 2453 992 2515 illi
1023 2474 1180 2516 coronam
1218 2454 1329 2536 glorie.
1387 2454 1511 2518 Statuit
1546 2453 1605 2517 ίΙΙί3

394 2547 631 2602 testamentum
650 2542 947 2622 sempiternum,'et
962 2539 1056 2603 dedit
1072 2540 1117 2603 illi
1141 2540 1360 2603 sacerdotium
1386 2562 1555 2622 magnum,
1570 2551 1604 2605 et

394 2624 595 2688 beatificauit
619 2626 711 2689 illum
737 2628 769 2688 in
792 2626 906 2709 gloria.
953 2627 1061 2707 Fungi
1078 2625 1263 2689 sacerdotio
1280 2638 1313 2690 et
1330 2628 1452 2691 habere
1468 2627 1601 2691 laudem

394 2713 427 2773 in
459 2715 593 2775 nomine
618 2714 738 2795 ipsius:
768 2724 802 2776 et
831 2712 948 2776 offerre
976 2713 1022 2776 illi
1046 2715 1216 2776 incensum
1244 2713 1383 2796 dignum
1408 2716 1440 2777 in
1464 2717 1601 2778 odorem

392 2801 575 2862 suauitatis

907 2961 970 3024 Ad
980 2960 1102 3025 laudes.

459 3071 660 3152 Antiphonti.
699 3072 803 3155 Euge
820 3093 913 3136 serue
937 3073 1024 3136 bone
1041 3083 1074 3136 et
1092 3072 1206 3148 fidelis,
1221 3073 1301 3154 quia
1322 3073 1354 3136 in
1379 3094 1485 3156 pauca
1513 3074 1603 3137 suisti

395 3156 509 3234 fidelis,
525 3179 624 3240 supra
641 3159 746 3221 multa
759 3170 793 3223 te
809 3160 1021 3235 constituam,
1038 3161 1118 3223 dicit
1134 3161 1298 3223 dominus.

942 3321 1066 3385 Oratio.

402 3433 504 3561 DA
520 3453 699 3514 quesumus
724 3435 938 3516 omnipotens
964 3433 1058 3509 deus,
1083 3442 1119 3495 vt
1146 3432 1233 3495 beati
1264 3433 1304 3497 N.
1331 3434 1527 3496 confessoris
1553 3435 1601 3498 tui

484 3531 585 3601 atque
609 3520 773 3603 pontificis
787 3522 978 3583 veneranda
1002 3521 1183 3583 solennitas
1206 3530 1240 3584 et
1266 3521 1480 3584 deuotionem
1506 3523 1602 3585 nobis

394 3619 528 3687 augeat,
543 3618 577 3670 et
589 3607 731 3671 salutem
743 3631 749 3670 :
766 3629 832 3690 per.

800 3757 862 3820 Ad
878 3768 1027 3838 vesperas
1047 3755 1194 3836 hymnus.

438 3868 497 3933 Ste
513 3869 682 3932 consessor
696 3869 823 3932 domini
840 3879 996 3942 sacratus,
1016 3867 1114 3930 Festa
1139 3867 1232 3950 plebs
1255 3868 1348 3931 cuius
1370 3868 1516 3932 celebrat
1544 3892 1602 3953 per

451 3957 587 4018 orbem:
606 3956 718 4018 Hodie
734 3956 821 4018 letus
837 3957 956 4018 meruit
972 3956 1112 4018 secreta⁴
1128 3954 1296 4018 Scandere
1312 3955 1382 4019 celi.

462 4043 529 4124 Qui
549 4044 631 4123 pius,
648 4043 801 4125 prudens,
825 4042 968 4116 humilis,
985 4042 1141 4124 pudicus:
1170 4041 1316 4118 Sobrius,
1342 4052 1452 4105 castus
1477 4043 1539 4106 suit
1565 4054 1600 4107 et

394 4130 535 4209 quietus,
551 4132 620 4192 vita
635 4130 715 4192 dum
734 4150 867 4212 presens
882 4129 1053 4207 vegetauit
1068 4130 1139 4190 eius
1156 4127 1311 4210 Corporis
1332 4140 1431 4192 artus.

463 4216 518 4278 Ad
535 4237 664 4279 sacrum
681 4218 774 4279 cuius
791 4216 957 4279 tumulum
985 4214 1173 4296 frequenter
1202 4215 1354 4278 Membra
1379 4215 1598 4298 languentum

396 4302 497 4365 modo
513 4305 647 4366 sanitati
665 4303 824 4386 Quolibet
842 4303 958 4365 morbo
975 4302 1096 4365 suerint
1112 4312 1251 4383 grauata
1271 4302 1512 4366 Restituuntur.

461 4390 560 4452 Vnde
577 4410 664 4452 nunc
681 4402 793 4453 noster
808 4391 928 4453 chorus
956 4391 987 4452 in
1016 4388 1154 4451 honore⁵
1185 4390 1292 4471 Ipsius
1318 4390 1481 4470 hymnum
1510 4391 1599 4454 canit

395 4477 483 4539 hunc
501 4477 648 4552 libenter,
664 4477 713 4540 Vt
730 4477 793 4560 pijs
809 4480 879 4539 eius
896 4477 1021 4539 meritis
1038 4477 1189 4539 iuuemur
1205 4475 1317 4540 Omne
1333 4498 1391 4559 per
1405 4496 1515 4541 euum.

462 4563 514 4627 Sit
544 4565 632 4627 salus
663 4566 718 4642 illi,
749 4568 851 4629 decus
872 4574 982 4644 ,atque
1007 4565 1119 4638 virtus,
1146 4561 1212 4645 Qui
1240 4583 1340 4645 supra
1366 4564 1427 4627 celi
1452 4564 1599 4628 residens

443 4718 646 4850 iisse„
668 4797 696 4845 μ
818 4714 985 4831 {isses
1004 4714 1209 4842 W„
1391 4715 1542 4778 ”bu-
