3992 5759
655 723 828 775 SABBATO
843 725 1065 775 DOMINICAE
1080 726 1135 775 DE
1151 725 1341 775 PASSIONE.
1555 739 1600 788 123

706 926 816 989 Tertriz
830 927 918 990 lectzii
932 929 1105 991 secundum
1120 926 1296 992 loannem}

437 1028 469 1091 N
487 1029 544 1092 illo
570 1039 729 1111 tempore
755 1030 969 1113 Collegerunt
990 1031 1163 1115 pontifices
1189 1043 1223 1095 et
1251 1032 1397 1095 Pharisei
1423 1031 1598 1094 concilium

457 1117 617 1180 aduersus
631 1116 752 1193 lesum,
766 1130 800 1181 et
826 1119 992 1183 dicebant.
1038 1118 1128 1202 Quid
1156 1118 1304 1195 facimus,
1315 1118 1395 1200 quia
1418 1118 1472 1181 hic
1499 1119 1600 1181 homo

396 1202 503 1265 multa
519 1205 614 1286 sigma
630 1203 731 1266 facit?
778 1205 822 1267 Et
835 1204 970 1287 reliqua.

710 1340 861 1404 Homilia
875 1364 899 1405 s.
915 1343 1102 1425 Augustini
1122 1343 1276 1425 Episcopi.

457 1442 620 1507 Ontifices
650 1455 685 1508 et
707 1445 853 1507 Pharisei
880 1446 940 1509 sibi
967 1446 1195 1522 consulebant,
1220 1467 1279 1509 nec
1306 1456 1418 1508 tamen
1443 1445 1599 1509 dicebant

477 1531 659 1594 credamus.
706 1531 784 1594 Plus
800 1533 889 1595 enim
903 1532 1019 1614 perfidi
1036 1533 1187 1596 homines
1210 1532 1403 1615 cogitabant
1429 1533 1600 1614 quomodo

394 1626 554 1681 nocerent
569 1628 604 1681 vt
621 1618 805 1701 perderent,
821 1639 921 1700 quam
939 1620 1110 1700 quomodo
1125 1620 1187 1683 sibi
1215 1619 1423 1682 consulerent
1450 1640 1491 1682 ne
1515 1620 1598 1700 peri-

393 1714 476 1767 rent
532 1704 578 1768 Et
607 1714 719 1768 tamen
750 1705 916 1769 timebant
945 1718 979 1769 et
1010 1707 1102 1788 quasi
1142 1706 1367 1770 consulebant.
1433 1705 1599 1769 Dicebant

392 1791 507 1854 enim:
540 1790 630 1874 Quid
662 1790 809 1867 facimus,
838 1794 916 1873 quia
945 1793 997 1855 hic
1028 1793 1130 1856 homo
1157 1794 1259 1856 multa
1288 1794 1383 1874 signa
1407 1791 1508 1856 facit?
1563 1792 1598 1856 Si

392 1877 595 1940 dimittimus
609 1898 685 1942 eum
702 1880 757 1954 sic,
772 1899 888 1942 omnes
903 1883 1040 1943 credent
1057 1882 1087 1942 in
1105 1900 1192 1955 eum,
1207 1890 1241 1942 et
1256 1882 1389 1943 venient
1406 1880 1549 1942 Romani
1565 1891 1599 1942 et

391 1962 514 2027 tollent
530 1964 638 2028 locum
655 1976 805 2028 nostrum
832 1976 865 2029 et
890 1978 1034 2049 gentem.
1079 1967 1292 2049 Temporalia
1304 1967 1438 2048 quidem
1462 1965 1599 2048 perdere

393 2051 587 2128 timuerunt,
603 2062 637 2115 et
652 2053 755 2115 vitam
771 2063 920 2115 eternam
938 2073 1005 2116 non
1021 2055 1272 2136 cogitauerunt:
1305 2075 1343 2115 ac
1360 2055 1406 2115 sic
1422 2064 1599 2134 vtrumque

392 2137 585 2200 amiserunt.
632 2138 719 2201 Nam
735 2150 769 2202 et
787 2140 930 2202 Romani
947 2150 1023 2222 post
1046 2142 1172 2203 domini
1187 2142 1373 2222 passionem
1386 2149 1420 2201 et
1439 2139 1600 2221 glorifica-

393 2225 521 2287 tionem
537 2225 683 2288 tulerunt
701 2226 749 2288 eis
765 2225 873 2288 locum
889 2242 922 2288 et
935 2237 1070 2308 gentem
1080 2229 1309 2309 expugnando
1320 2237 1354 2290 et
1364 2227 1600 2290 transferendo,

394 2309 442 2374 Et
452 2311 531 2374 illud
541 2332 599 2374 eos
608 2313 756 2393 sequitur
765 2315 855 2394 quod
866 2312 944 2376 alibi
953 2315 1079 2376 dictum
1092 2324 1152 2377 est.
1192 2313 1265 2394 Filij
1277 2324 1388 2376 autem
1400 2314 1491 2397 regni
1505 2313 1599 2376 ibunt

395 2398 430 2460 in
456 2398 610 2461 tenebras
636 2401 824 2462 exteriores.
873 2400 949 2462 Hoc
973 2412 1085 2463 autem
1111 2403 1300 2476 timuerunt,
1325 2421 1366 2463 ne
1391 2401 1416 2463 si
1434 2420 1549 2462 omnes
1566 2401 1598 2462 in

396 2483 568 2549 Christum
599 2487 779 2560 crederent,
809 2506 908 2549 nemo
932 2498 1117 2551 remaneret
1146 2487 1202 2568 qui
1237 2489 1396 2550 aduersus
1428 2487 1600 2549 Romanos

395 2571 567 2634 ciuitatem
586 2556 650 2635 Uei
675 2572 904 2654 templumque
929 2574 1141 2636 defenderet:
1165 2575 1323 2655 quoniam
1348 2584 1464 2636 contra
1488 2574 1597 2654 ipsum

393 2657 569 2740 templum,
583 2669 617 2722 et
633 2670 748 2722 contra
763 2680 840 2722 suas
856 2671 1012 2741 paternas
1035 2660 1143 2741 leges:
1167 2662 1352 2724 doctrinam
1381 2660 1501 2725 Christi
1526 2681 1598 2723 esse

395 2744 594 2808 sentiebant.
640 2745 738 2808 Vnus
754 2756 864 2809 autem
882 2768 926 2810 ex
953 2749 1033 2829 ipsis
1059 2747 1204 2829 Caiphas
1232 2750 1384 2810 nomine:
1408 2767 1483 2810 cum
1511 2758 1598 2810 esset

393 2831 550 2913 pontifex
581 2833 659 2895 anni
698 2832 784 2895 illius
820 2834 907 2896 dixit
946 2834 1010 2896 illis
1047 2834 1119 2896 Vos
1153 2836 1286 2898 nescitis
1317 2836 1495 2915 quicquam
1539 2853 1599 2896 nec

393 2919 573 3000 cogitaris:
595 2920 674 3000 quia
689 2919 829 3002 expedit
844 2920 939 2983 vobis
954 2931 989 2984 vt
1006 2942 1090 2984 vnus
1107 2923 1266 2985 moriatur
1281 2921 1383 2983 homo
1399 2941 1459 3003 pro
1475 2921 1600 3003 populo

392 3015 429 3068 et
444 3025 511 3068 non
529 3015 601 3069 tota
616 3026 699 3089 gens
714 3016 834 3086 pereat.
882 3007 957 3069 Hoc
973 3019 1086 3070 autem
1113 3030 1133 3071 a
1159 3010 1268 3090 seipso
1295 3028 1361 3070 non
1386 3009 1484 3070 dixit.
1531 3008 1598 3071 Sed

393 3111 471 3154 cum
502 3103 590 3155 esset
620 3093 771 3174 pontifex
802 3095 881 3156 anni
912 3094 1008 3169 illius,
1039 3095 1260 3177 prophetauit.
1323 3095 1411 3157 H0c²
1441 3094 1599 3157 docemur

380 3179 497 3242 etiam
513 3178 666 3241 homines
683 3179 789 3242 malos
805 3180 977 3263 prophetie
998 3183 1114 3262 spiritu
1142 3182 1251 3244 futura
1276 3183 1451 3264 predicere.
1498 3179 1598 3263 Quod

392 3275 509 3328 tamen
521 3267 728 3345 euangelista
743 3267 858 3329 diuino
873 3267 988 3331 tribuit
1004 3266 1235 3343 sacramente,3
1250 3270 1328 3349 quia
1351 3267 1503 3350 pontifex
1529 3267 1599 3343 fuit,

393 3353 428 3415 id
444 3361 497 3416 est
511 3371 663 3415 summus
678 3354 854 3416 sacerdos*

941 3491 1063 3555 Orant).

462 3590 609 3655 Ordibus
634 3594 754 3656 nostris
783 3613 964 3673 quesumus
990 3594 1127 3657 domine
1150 3596 1291 3676 gratiam
1319 3605 1410 3657 tuam
1439 3594 1601 3675 benignus

485 3678 629 3755 infunde,
644 3690 680 3742 vt
696 3691 833 3762 peccata
849 3690 962 3742 nostra
978 3681 1197 3763 castigatione
1213 3681 1397 3744 voluntaria
1408 3681 1600 3744 cohibentes

394 3766 625 3848 temporaliter
657 3768 769 3848 potius
807 3786 1031 3831 maceremur:
1070 3788 1170 3848 quam
1202 3767 1373 3850 supplicijs
1403 3770 1602 3850 deputemur

391 3854 537 3917 eternis:
561 3873 628 3935 per.

728 3939 837 4003 Hodie
851 3940 1007 4002 dicuntur
1018 3951 1133 4021 septem
1142 3941 1273 4022 psalmi.

669 4083 703 4153 ΙΙ
727 4077 869 4140 Sabbata
883 4099 923 4140 ex
935 4077 1124 4141 chlmrr'a.5
1168 4078 1274 4140 Lectr'o
1288 4079 1318 4159 j.

400 4179 570 4309 EXulta
585 4182 665 4244 satis
682 4180 748 4244 filia
764 4181 845 4246 Sion
918 4193 952 4245 et
967 4184 1081 4245 vinum
1097 4184 1288 4265 germinans
1303 4183 1471 4263 virgines?

676 4403 710 4473 ΕΙ
735 4397 919 4460 Secundum
935 4371 1112 4461 Mamur
1154 4397 1261 4459 Lectr'o
1276 4397 1318 4478 xj.

402 4498 496 4627 ET
533 4500 670 4561 veniunt
701 4501 734 4561 in
773 4500 923 4581 predium
962 4501 1014 4562 cui
1046 4520 1168 4562 nomen
1192 4496 1440 4582 Gethsemani.†
1486 4499 1530 4562 Et
1554 4499 1600 4561 ait

487 4586 657 4666 discipulis
672 4587 739 4648 suis
814 4587 954 4649 ministri
970 4587 1076 4669 alapis
1091 4606 1167 4649 eum
1184 4586 1354 4649 cedebant.

444 4701 515 4753 ¹Ca.
533 4716 569 4753 11.
584 4705 613 4752 in
625 4721 657 4752 m.
865 4701 1019 4754 εΗίοιόο.
1034 4704 1073 4754 61.
1310 4702 1506 4754 ³sacramenta:
1524 4702 1563 4753 66.

444 4767 598 4819 ‘Miserere
614 4771 722 4832 soadd.
737 4769 777 4853 ⁶³5
863 4767 952 4834 lCap.
967 4771 1070 4832 9inm.
1086 4770 1128 4830 [ix
1143 4771 1230 4832 9-17.]
1312 4767 1398 4831 ⁸[xiv.
1413 4769 1517 4834 32-65.]
