3992 5759
606 679 797 733 DOMINICA
817 682 835 731 I
837 681 865 733 V.
884 682 982 733 POST
993 683 1279 735 PENTECOSYEN·
1507 693 1551 745 191

570 889 605 961 (Ι
619 883 732 947 ¹Fen'a
744 895 835 949 secta
848 906 888 949 cx
905 885 1040 951 Exodo?
1083 886 1191 949 Lectio
1198 883 1336 968 prima.l

407 995 473 1062 Ost
487 996 549 1061 hoc
564 997 703 1080 ingressi
718 1007 796 1061 sunt
813 998 951 1080 Moyses
965 1008 1000 1062 et
1017 997 1142 1075 Aaron,
1156 1007 1191 1061 et
1213 998 1371 1061 dixerunt
1389 996 1553 1061 Pharaoni

480 1104 541 1147 nec
557 1086 723 1149 minuetur
738 1085 917 1167 quicquam
934 1087 976 1148 de
992 1105 1093 1168 opere
1108 1097 1227 1150 vestro.

612 1227 648 1299 (Ι
662 1221 719 1286 Ex
730 1223 812 1285 actes
825 1223 856 1286 Α
853 1221 1076 1304 postolonccn.³
1118 1223 1225 1286 Lectio
1239 1223 1283 1305 ej.

416 1334 519 1398 Acuit
548 1343 662 1398 autem
688 1335 799 1398 omnis
825 1334 1016 1413 multitudo,
1030 1345 1065 1398 et
1089 1335 1272 1399 audiebant
1300 1334 1489 1398 Barnabam
1519 1343 1553 1397 et

430 1421 567 1504 paulum
640 1442 717 1486 cum
733 1422 807 1502 alijs
823 1422 973 1505 pluribus
987 1425 1126 1486 verbum
1142 1422 1277 1486 domini.

655 1563 691 1635 (Ι
707 1558 848 1622 Sabbato
861 1579 902 1621 cx
914 1558 1049 1624 Exodo*
1090 1559 1196 1622 Lectio
1211 1559 1241 1624 .ιὶ

350 1668 639 1799 Dispecsusque
675 1681 726 1734 est
756 1669 908 1769 populus,
930 1690 990 1768 per
1019 1691 1155 1734 omnem
1186 1682 1308 1734 terram
1349 1670 1477 1770 Egypti
1507 1669 1551 1770 ad

434 1756 641 1840 collrgendas
656 1757 769 1841 paleas
841 1756 962 1821 afflrxrt
977 1758 1138 1841 populum
1155 1769 1250 1822 tuum
1271 1768 1305 1821 et
1321 1777 1389 1821 non
1406 1757 1552 1820 liberasti

341 1862 412 1908 eos.

617 1977 651 2047 (Ι
666 1971 724 2036 Ex
734 1972 816 2034 actes
829 1971 1065 2053 apostolorum.⁵
1108 1972 1215 2035 Lectio
1229 1973 1272 2054 ej.

351 2081 470 2213 PQst
485 2084 613 2166 aliquot
627 2097 741 2148 autem
757 2083 827 2146 dies
842 2084 931 2148 dixit
945 2084 990 2147 ad
1015 2084 1203 2185 Bamabam
1224 2084 1343 2167 paulus
1417 2083 1552 2147 introite

419 2189 453 2234 rn
469 2170 609 2235 domum
626 2190 747 2248 meam,
762 2181 796 2234 et
812 2184 954 2236 manete.
1001 2172 1046 2235 Et
1061 2183 1172 2254 coegrt
1189 2191 1257 2234 nos.

428 2329 463 2401 (Ι
477 2324 652 2387 Domc'nico
665 2335 784 2407 qccorto
791 2334 869 2406 post
874 2334 1072 2405 pentecosten
1086 2345 1127 2387 cx
1139 2323 1273 2388 Ecodo.⁶
1315 2324 1421 2387 Lectio
1435 2325 1466 2389 ,ιζ

421 2436 491 2499 {xit
520 2435 676 2499 dominus
706 2438 748 2499 ad
767 2436 897 2499 Moisen
931 2436 1030 2499 Nunc
1060 2436 1188 2500 videbis
1261 2437 1304 2500 he
1334 2437 1551 2520 cognationes

434 2522 517 2587 Leui
532 2543 591 2606 per
605 2522 748 2586 familias
762 2543 847 2586 suas.

570 2666 604 2736 (Ι
619 2659 676 2723 Ex
687 2659 769 2721 actis
781 2657 1017 2740 apostolorum.⁷
1060 2659 1166 2722 Lectio
1179 2660 1325 2724 secunda.

410 2772 536 2835 Actum
567 2780 619 2834 est
648 2781 760 2834 autern
791 2770 947 2834 euntibus
978 2770 1075 2833 nobis
1104 2771 1148 2834 ad
1178 2773 1373 2846 orationem,
1404 2772 1549 2854 puellam

424 2857 595 2942 quandam
668 2867 703 2920 et
718 2857 854 2940 profecti
872 2868 958 2922 sunt.

639 2998 673 3068 (Ι
692 2993 723 3056 T
720 2994 804 3055 ertio
819 2993 908 3056 lcctco
921 2995 1094 3056 secundum
1109 2993 1255 3057 [ιιιαηι.8

386 3105 417 3168 N
449 3105 506 3169 illo
521 3114 694 3186 tempore:
717 3103 803 3168 Cum
828 3105 923 3168 turbe
953 3107 1114 3168 irruerent
1130 3107 1163 3169 in
1196 3106 1307 3169 lesum
1333 3117 1368 3170 vt
1398 3106 1551 3170 audirent

378 3192 536 3341 ¹'verbum
562 3192 625 3268 dei,
639 3200 674 3254 et
700 3190 784 3274 ipse⁹
809 3192 920 3256 stabat
949 3211 1044 3255 secus
1060 3202 1216 3276 stagnum
1244 3193 1457 3258 Genesareth.
1503 3195 1549 3258 Et

342 3298 477 3361 terqua

615 3421 649 3491 (Ι
664 3414 816 3477 Homc'lia
830 3415 936 3476 sancti
948 3416 1120 3498 Ancbrosc'j
1130 3417 1270 3499 episcopi.

419 3528 591 3594 Scendens
605 3538 717 3591 autem
734 3529 767 3590 in
785 3546 884 3589 vnam
904 3528 1016 3589 nauim
1034 3548 1098 3608 que
1114 3539 1185 3591 erat
1204 3530 1351 3593 Simonis
1368 3531 1497 3611 rogauit
1513 3541 1548 3594 vt

432 3615 612 3678 abduceret
642 3635 662 3676 a
692 3627 779 3677 terra
809 3612 1061 3695 aliquantulum.
1121 3615 1189 3678 Vbi
1221 3618 1377 3678 dominus
1408 3615 1548 3679 multis¹⁰

344 3702 527 3785 impartiuit
550 3702 641 3764 varia
663 3721 786 3782 genera
801 3703 992 3776 sanitatum,
1008 3722 1069 3764 nec
1092 3711 1242 3784 tempore
1258 3723 1318 3765 nec
1335 3702 1408 3766 loco
1424 3705 1512 3785 cepit
1527 3725 1548 3767 a

342 3789 456 3853 studio
503 3789 644 3851 sanandi
694 3790 791 3851 turba
836 3788 990 3851 cohiberi.
1055 3789 1180 3872 Vesper
1228 3791 1387 3866 incubuit,
1433 3791 1546 3874 populi

342 3876 576 3959 sequebantur.
637 3875 803 3958 Stagnum
844 3877 993 3949 occurrit,
1035 3875 1131 3938 turbe
1169 3876 1348 3959 vrgebant:
1396 3887 1431 3940 et
1472 3880 1547 3941 ideo

342 3964 494 4027 ascendit
533 3964 567 4025 in
604 3962 690 4045 petri
721 3963 831 4031 nauim
864 3960 925 4023 hec
955 3972 1006 4024 est
1044 3962 1098 4024 illa
1137 3965 1231 4025 nauis
1261 3984 1326 4044 que
1364 3964 1546 4027 secundum

343 4050 536 4113 Mattheum
560 4049 669 4112 adhuc
694 4049 852 4111 fluctuat:
876 4047 1057 4111 secundum
1077 4049 1202 4111 Lucam
1228 4049 1371 4132 repletur
1394 4051 1546 4133 piscibus,

341 4148 378 4200 vt
407 4146 442 4199 et
471 4138 632 4219 principia
663 4134 799 4198 ecclesie
829 4134 1030 4210 fluctuantis
1059 4145 1092 4198 et
1123 4138 1304 4219 posteriora
1333 4139 1548 4201 exuberantis

340 4244 513 4306 agnoscas.
560 4225 669 4286 Pisces
685 4223 773 4285 enim
790 4233 868 4284 sunt
883 4243 948 4304 que
975 4224 1060 4285 hanc
1077 4222 1281 4306 enauigant¹¹
1298 4225 1410 4288 vitam.
1455 4223 1548 4288 Vbi¹²

394 4408 445 4446 ¹-¹
462 4410 508 4459 Ex
518 4411 590 4458 Actr's
606 4411 787 4472 Apostolorum.
805 4388 892 4457 Lectio..
903 4410 932 4472 ij.
947 4421 1007 4470 243.

391 4473 403 4504 ²
419 4474 482 4540 cap.
498 4486 520 4539 5.
535 4478 564 4523 r'n
576 4491 609 4523 m.
624 4475 657 4535 [v.
676 4476 759 4535 1-11.]
1011 4471 1022 4503 ³
1038 4474 1088 4534 [xv.
1106 4476 1207 4549 12-35.]

390 4540 402 4634 2
418 4541 590 4655 {Ivalbzazriria
605 4604 648 4665 [vi.
666 4606 749 4666 1·¹9·]
1010 4537 1021 4634 ζ
1037 4539 1217 4665 &355AE
1235 4541 1286 4603 ¹⁵¹]

391 4667 403 4700 ⁸
418 4670 482 4735 cap
498 4682 520 4735 5.
535 4672 564 4719 in
576 4686 609 4718 m.
1008 4667 1019 4698 ⁹
1035 4670 1112 4735 ipsae:
1130 4669 1170 4718 66.
1375 4669 1395 4700 ¹⁰
1410 4688 1457 4720 om.
1472 4672 1511 4734 38.

383 4733 401 4765 ¹¹
419 4736 569 4801 emginantz
587 4748 625 4797 39.
662 4736 798 4800 nauigant:
817 4750 856 4796 44.
1003 4732 1024 4763 ¹²
1041 4735 1095 4784 lbi:
1115 4747 1153 4796 39.
1168 4748 1208 4796 41·
1223 4747 1262 4798 ⁴3·
1276 4736 1316 4799 63.
