3992 5759
678 732 871 782 Doulmcrr
888 731 1067 784 SECUNDA
1086 730 1302 780 summos.

640 915 675 986 ΙΙ
691 909 876 974 Secundum
891 909 1035 974 Lucam.l
1081 909 1189 973 Lectio
1202 907 1348 971 seccindo.

391 1022 546 1150 Allno
589 1030 702 1121 autem
747 1022 997 1122 quintodecimo
1035 1021 1163 1104 imperij
1202 1017 1339 1102 Tyberij
1382 1016 1513 1082 Cesaris

480 1108 613 1172 mclusrt
632 1109 792 1171 loannem
808 1130 842 1171 m
858 1129 1032 1173 carcerem.

491 1263 526 1334 ΕΙ
538 1257 713 1321 Dominica
726 1257 865 1320 scoondo
879 1258 1040 1320 aduentus
1053 1278 1094 1320 cx
1111 1255 1224 1319 isoio?2
1264 1255 1368 1317 Lectio
1375 1254 1497 1334 primo.

457 1371 613 1434 Etabitur
643 1369 775 1434 deserta
803 1379 838 1432 et
865 1370 966 1444 inuia,
988 1382 1022 1433 et
1045 1369 1213 1433 exultabit
1237 1366 1391 1437 solitudo.
1413 1376 1447 1429 et
1469 1362 1600 1427 florebit

470 1458 565 1540 quasi
581 1457 685 1520 lilium
761 1455 865 1540 lugiet
880 1457 976 1520 dolor
991 1467 1025 1520 et
1040 1457 1193 1538 gemitus.

687 1611 722 1682 (Ι
739 1606 924 1669 Secundum
940 1605 1090 1669 Lucane
1134 1605 1238 1667 Lectio
1254 1605 1310 1684 .ij.⁴

398 1719 584 1847 FActum
607 1729 659 1782 est
681 1726 809 1818 autem·
824 1738 905 1818 cum·
924 1718 1149 1801 baptizaretur
1178 1716 1288 1779 omnis
1319 1713 1460 1797 populus
1545 1711 1601 1792 qui

474 1805 535 1868 iurt
552 1803 676 1880 Adam,
689 1824 747 1886 qur
764 1803 825 1867 iurt
843 1805 914 1867 Der.

654 1986 686 2054 {l
703 1979 811 2042 Lectio
827 1981 885 2061 iij.
931 1979 1116 2043 Secundum
1132 1975 1341 2041 Motthcumi'

400 2092 468 2220 [N
486 2093 544 2155 illo
559 2104 711 2174 tempore
726 2112 802 2155 cum
819 2093 967 2156 audisset
992 2092 1137 2155 Ioannes
1154 2093 1186 2152 in
1209 2089 1349 2152 vinculis
1361 2108 1462 2188 opera
1478 2085 1601 2150 Christi

451 2181 589 2242 mittens
610 2178 695 2241 duos
710 2181 754 2241 dc
769 2178 941 2262 discipulis
956 2181 1024 2243 suis
1048 2181 1095 2241 ait
1112 2177 1180 2254 illi,⁰
1195 2178 1248 2240 Tu
1264 2198 1300 2238 es
1315 2196 1372 2258 qur
1387 2184 1544 2237 venturus
1566 2191 1602 2234 es

392 2287 437 2329 an
454 2266 556 2329 alium
572 2272 816 2348 expectamus?
831 2278 865 2329 et
881 2267 1016 2348 reliqua.

684 2419 718 2490 ΙΙ
740 2411 916 2494 Homolio'r
931 2414 1053 2477 Sancti
1068 2414 1098 2477 G
1100 2414 1221 2495 rogonj
1224 2424 1315 2494 popo.

469 2525 663 2589 Verendum
687 2526 783 2601 nobis
805 2536 857 2589 est
879 2525 995 2589 iratres
1018 2526 1210 2589 charissimi.
1267 2526 1408 2588 loannes
1431 2522 1604 2606 propheta,

484 2623 518 2676 et
529 2613 606 2695 plus
617 2632 719 2695 quam
736 2613 919 2695 propheta:
942 2615 999 2696 qui
1013 2615 1200 2677 venientem
1213 2612 1256 2676 ad
1273 2612 1424 2675 lordanis
1436 2610 1602 2692 baptisma

391 2699 568 2762 dominum
607 2698 754 2762 ostendit
791 2700 913 2763 dicens
971 2701 1060 2764 Ecce
1097 2720 1204 2783 agnus
1241 2699 1294 2762 dei
1325 2719 1401 2761 ecce
1431 2698 1488 2779 qui
1515 2696 1602 2758 tollit

394 2800 535 2870 peccata
566 2787 692 2860 mundi,
721 2787 778 2869 qui
808 2798 842 2849 et
875 2787 1097 2851 humilitatem
1128 2808 1223 2850 suam
1254 2798 1288 2850 et
1317 2785 1501 2849 diuinitatis
1531 2784 1602 2845 eius

394 2875 583 2956 potentiam
621 2872 845 2950 considerans,
881 2873 970 2937 dicit.
1031 2874 1097 2956 Qui
1134 2873 1177 2936 de
1214 2885 1301 2938 terra
1335 2883 1406 2935 est:
1444 2870 1486 2933 de
1517 2881 1603 2933 terra

396 2962 565 3044 loquitur:
592 2961 650 3042 qui
672 2971 785 3022 autem
808 2960 851 3023 de
874 2962 947 3023 celo
969 2964 1081 3024 venit:
1109 2982 1209 3043 super
1231 2981 1348 3023 omnes
1371 2971 1429 3022 est
1478 2959 1546 3022 Cur
1569 2958 1601 3018 in

394 3067 527 3110 carcere
537 3049 666 3128 positus
678 3048 814 3110 mittens
830 3047 1012 3130 discipulos
1029 3050 1163 3130 requirit
1178 3073 1184 3111 :
1208 3057 1244 3111 tu
1260 3069 1296 3110 es
1308 3049 1364 3129 qui
1379 3057 1536 3109 venturus
1547 3066 1602 3106 es:

395 3154 439 3197 an
463 3134 565 3196 alium
589 3141 832 3215 expectamus?
855 3145 1015 3217 tanquam
1039 3137 1065 3196 si
1090 3137 1241 3216 ignoret:
1265 3156 1365 3218 quem
1389 3135 1602 3197 ostenderat:

395 3233 430 3283 et
474 3240 518 3284 an
556 3222 629 3302 ipse
673 3223 716 3283 sit
761 3223 905 3285 nesciat:
950 3242 1050 3303 quem
1090 3224 1197 3303 ipsum
1236 3243 1309 3284 esse
1353 3218 1602 3302 prophetando:

395 3306 601 3390 baptizando
627 3306 837 3370 ostendendo
863 3307 1115 3372 clamauerunt⁷
1164 3308 1231 3373 Sed
1260 3309 1320 3371 hec
1347 3308 1443 3371 citius
1470 3308 1602 3390 questio

396 3395 546 3468 soluitur,
560 3395 588 3456 si
603 3408 697 3475 geste
714 3396 758 3456 rei
774 3405 907 3477 tempus
922 3407 955 3458 et
971 3397 1055 3458 ordo
1070 3406 1235 3478 pensetur.
1282 3396 1336 3457 Ad
1352 3393 1496 3457 iordanis
1512 3395 1600 3456 enim

395 3481 502 3545 fluent
513 3483 674 3562 apositus‚
682 3483 761 3563 quia
774 3483 844 3564 ipse
857 3482 1047 3563 redemptor
1060 3483 1176 3546 mundi
1188 3495 1275 3544 esset
1288 3484 1435 3544 asseruit.
1482 3482 1603 3544 Missus

396 3569 521 3631 veroin
533 3588 699 3631 carcerem
710 3577 818 3630 vtrum
835 3570 936 3631 alium
953 3581 1134 3650 expectent
1148 3567 1168 3632 :⁸
1191 3590 1232 3632 an
1247 3571 1317 3652 ipse
1330 3569 1441 3631 veniat
1458 3570 1601 3650 requirit.

399 3656 477 3717 Non
494 3655 573 3735 quia
589 3655 698 3737 ipsum
714 3676 786 3718 esse
802 3656 917 3718 mundi
935 3658 1180 3740 redemptorem
1198 3657 1327 3719 dubitet
1343 3680 1349 3717 :
1373 3655 1431 3718 sed
1444 3657 1551 3738 querit
1567 3666 1602 3717 vt

396 3741 483 3803 sciat
498 3742 526 3802 si
542 3741 642 3824 isqui
659 3762 718 3823 per
733 3763 768 3805 se
783 3744 817 3804 in
835 3742 996 3806 mundum
1014 3755 1159 3820 venerat,
1175 3765 1233 3825 per
1251 3764 1287 3805 se
1303 3745 1404 3806 etiam
1428 3747 1469 3805 ad
1495 3741 1603 3804 inleri’

395 3827 542 3890 claustra
557 3828 747 3890 descendat.
793 3829 903 3911 Quem
919 3832 1007 3892 enim
1026 3851 1217 3910 precurrens
1235 3831 1361 3892 mundo
1381 3831 1604 3903 nunciauerat,

396 3917 487 3977 hunc
515 3914 697 3988 moriendo
725 3927 759 3979 et
785 3917 827 3978 ad
856 3917 977 3980 inferos
1005 3917 1239 3981 descendendo
1267 3918 1487 4000 precurrebat.
1541 3917 1603 3979 Ait

395 4022 486 4084 ergo
541 4001 594 4064 Tu
616 4023 653 4064 es
677 4002 734 4083 qui
760 4014 917 4065 venturus
940 4024 986 4080 es,
1010 4025 1052 4067 an
1081 4005 1181 4066 alium
1209 4010 1453 4086 expectamus?
1499 4004 1551 4065 Ac
1576 4004 1602 4064 si

395 4098 514 4170 aperte
529 4088 627 4151 dicat.
673 4088 767 4152 Sicut
784 4110 844 4171 pro
860 4090 1049 4154 hominibus
1073 4093 1162 4153 nasci
1186 4093 1344 4173 dignatus
1366 4112 1410 4159 es.
1433 4112 1475 4153 an
1499 4091 1600 4152 etiam

398 4196 461 4256 pro
497 4175 688 4237 hominibus
718 4178 800 4239 mori
831 4178 977 4258 digneris
1008 4179 1147 4253 insinua,
1178 4188 1212 4240 vt
1243 4180 1299 4259 qui
1330 4178 1515 4239 natiuitatis
1546 4188 1603 4240 tue

396 4281 570 4344 precursor
596 4259 729 4337 ¹⁰extiti,
757 4264 873 4326 mortis
898 4265 1001 4327 etiam
1029 4263 1226 4346 precursor¹⁰
1252 4265 1339 4340 fiam,
1365 4275 1398 4326 et
1426 4274 1601 4327 venturum

396 4348 528 4411 inierno
543 4357 577 4411 te
600 4350 754 4411 nunciem
778 4370 877 4431 quem
901 4348 966 4413 iam
991 4353 1121 4414 venisse
1144 4352 1271 4415 mundo
1293 4352 1457 4414 nunciaui.
1502 4350 1603 4414 Vnde

393 4445 432 4498 et
455 4435 632 4517 inquisitus
654 4434 830 4499 dominus:
863 4440 1065 4501 enumeratis
1088 4440 1237 4520 potentie
1260 4458 1318 4500 sue
1342 4438 1529 4500 miraculis:
1561 4440 1603 4501 de

444 4586 837 4684 ³¹Ca.3.inm.[iii.1-20r]⁴
1001 4589 1073 4641 ²Ca.
1089 4602 1127 4654 35.
1142 4593 1213 4639 inm.
1227 4591 1409 4685 [templ-10]
1452 4659 1457 4668 ¹

445 4652 580 4814 :gffb
613 4654 635 4716 l
828 4655 1022 4770 diriguerat:
1041 4722 1080 4785 38.
1095 4730 1141 4771 etc.
1306 4657 1541 4786 ”Stipelclatllzngo

477 4783 587 4835 inferni:
605 4783 644 4847 38.
659 4794 706 4834 etc.
825 4782 961 4835 10-Ῑθιυνι,
978 4785 1017 4849 38.

1413 4868 1476 4915 ΕΖ
