3992 5759
392 706 467 757 Nou.
485 707 525 768 9.]
646 706 793 757 DEDICA
800 707 825 756 T
821 707 861 756 10
876 707 1080 757 BASILICAE
1095 707 1337 757 SALVATORIS.
1553 719 1602 771 349

394 859 580 922 secundum
610 859 830 941 apostolicum
869 868 1071 942 preceptum,
1100 860 1280 942 arguendo,
1310 860 1525 937 obsecrando,
1555 860 1604 924 in·

392 946 574 1028 crepando,
589 966 768 1027 curamque
784 945 937 1009 faciendo
953 948 1094 1009 inserere
1111 947 1308 1011 nitebantur.

424 1080 458 1150 ΙΙ
480 1074 590 1136 Hodie
604 1074 639 1136 in
655 1075 794 1155 vesperos
808 1075 942 1136 dicenda
956 1084 1004 1135 est
1017 1074 1195 1155 antiphona
1209 1075 1379 1158 assignata
1393 1075 1578 1157 adpn'mas

927 1172 1082 1242 vesperas.

526 1267 560 1337 (Ι
583 1260 649 1322 Die
662 1257 713 1324 .8.¹
728 1270 841 1322 octaua
855 1261 1001 1322 omm'rcm
1015 1270 1200 1323 sanctorum
1215 1260 1334 1341 duplex
1347 1260 1476 1325 maius?

774 1360 830 1440 iij.
846 1359 952 1422 Lectio
966 1380 1007 1422 ex
1020 1358 1235 1440 Apocalypsi.⁵²

397 1460 520 1588 Vidi
537 1458 668 1522 turbam
685 1479 843 1540 magnam
918 1458 1124 1540 lachrymam
1141 1458 1184 1522 ab
1200 1458 1303 1521 oculis
1318 1480 1442 1525 eorum.

462 1633 572 1695 Hodie
599 1643 725 1714 vespere
753 1633 910 1695 dicuntur
935 1633 974 1694 de
1010 1642 1123 1694 octaua
1152 1631 1269 1713 qut'bus
1295 1632 1410 1715 finitis
1432 1643 1496 1713 pro
1524 1654 1605 1696 conr·

396 1719 624 1819 memoratione
653 1719 864 1782 dedicationis
892 1719 1049 1781 dicuntur
1081 1718 1268 1800 antiphone⁴
1296 1729 1328 1781 et
1356 1720 1459 1782 oratt'o
1496 1720 1605 1801 infra-

395 1816 664 1974 smiiiitiphona.
712 1893 785 1956 Hec
812 1903 863 1955 est
887 1893 1007 1956 domus
1033 1893 1087 1956 dei
1115 1893 1148 1956 in
1173 1913 1240 1974 qua
1256 1893 1466 1957 inuocabitur
1482 1914 1604 1958 nomen

395 1981 487 2131 gius&
508 1981 550 2043 de
580 2000 646 2061 qua
677 1981 836 2062 scriptum
874 1990 945 2043 est:
985 1980 1029 2042 Et
1060 1981 1121 2042 erit
1153 2000 1275 2043 nomen
1307 2000 1419 2043 meum
1451 1980 1495 2044 ibi
1526 1981 1606 2044 dicit

421 2087 562 2130 ominus

945 2178 1067 2241 Oratio.

477 2278 556 2354 Eus‚
579 2278 636 2359 qui
663 2278 760 2340 nobis
785 2297 844 2359 per
866 2277 1016 2358 singulos
1039 2296 1146 2339 annos
1169 2276 1266 2339 huius
1289 2278 1394 2340 sancti
1418 2278 1534 2362 templi
1557 2279 1605 2341 tui

489 2366 747 2428 consecrationis
777 2384 910 2446 reparas
939 2364 1028 2439 diem
1059 2373 1093 2426 et
1123 2365 1247 2426 sanctis
1279 2385 1411 2447 semper
1441 2364 1607 2447 mysterijs

401 2463 607 2534 representas
632 2451 814 2514 incolumes
844 2451 967 2513 exaudi
999 2470 1112 2532 preces
1139 2450 1253 2532 populi
1280 2452 1337 2527 tui,
1361 2461 1395 2515 et
1422 2462 1541 2535 presta,
1570 2463 1606 2515 vt

398 2540 549 2619 quisquis
574 2538 636 2600 hoc
663 2539 826 2620 templum
852 2537 1012 2600 beneficia
1041 2538 1203 2619 petiturus
1229 2538 1420 2618 ingreditur,
1435 2549 1555 2602 cuncta
1572 2560 1607 2602 se

401 2627 595 2708 impetrasse
612 2624 749 2687 letetur:
773 2643 838 2705 per.

589 2754 623 2824 ΕΙ
646 2735 815 2810 Dedicatzo
830 2747 957 2810 basilice
970 2745 1148 2809 saluatoris
1161 2746 1280 2827 duplex
1293 2748 1421 2813 venusi

740 2851 803 2913 Ad
813 2851 1013 2913 matminum
1028 2850 1267 2915 iiiut'taton'um.

468 2952 617 3014 Domum
656 2951 709 3014 dei
748 2950 844 3012 decet
881 2949 1073 3012 sanctitudo
1116 2969 1275 3032 sponsum
1321 2952 1392 3014 eius
1438 2950 1604 3016 Christum

399 3039 578 3102 adoremus
597 3040 630 3101 in
646 3058 694 3100 ea.

920 3147 1083 3227 Hymnus.

405 3249 633 3378 ANgularis
675 3246 930 3309 fundamentum
971 3247 1074 3329 Lapis
1119 3245 1246 3310 Cristus
1284 3248 1403 3310 missus
1440 3260 1499 3326 est,
1538 3249 1605 3332 Qui

490 3356 652 3418 compage
698 3335 832 3415 parietis
878 3334 917 3395 In
962 3345 1103 3414 vtroque
1148 3335 1308 3396 nectitur:
1366 3334 1476 3417 Quem
1524 3337 1605 3401 Sion

399 3434 516 3485 sancta
531 3423 675 3504 suscepit
694 3421 732 3482 ln
749 3440 816 3501 quo
831 3421 968 3483 credens
991 3429 1172 3502 permanet.

468 3509 589 3574 Omnis
616 3509 670 3571 illa
693 3507 758 3569 deo
785 3528 885 3581 sacra,
912 3505 970 3569 Et⁶
995 3503 1130 3569 delicta⁷
1154 3507 1271 3569 ciuitas
1295 3507 1396 3571 Plena
1413 3510 1556 3573 modulis
1571 3511 1604 3574 in

403 3596 510 3673 laude,
534 3599 579 3660 Et
601 3614 722 3659 canore
745 3593 848 3656 iubilo
870 3593 1010 3656 Trinum
1034 3593 1144 3670 deum,
1159 3595 1359 3675 vnicumque
1383 3594 1467 3659 Cum
1492 3597 1605 3662 fauore

428 3685 560 3747 redicat.

403 3705 427 3767 p
471 3771 546 3833 Hoc
571 3772 603 3832 in
628 3769 755 3851 templo
779 3788 910 3830 summe
932 3768 1014 3829 deus
1031 3768 1200 3829 Exoratus
1216 3767 1357 3830 adueni:
1381 3769 1427 3831 Et
1442 3769 1605 3836 clemente

401 3858 552 3920 bonitate
590 3858 728 3919 Precum
766 3867 844 3917 vota
881 3855 1032 3936 suscipe:
1065 3854 1209 3935 Largam
1241 3854 1505 3920 benedictionem
1539 3859 1604 3922 Hic

402 3944 539 4007 infunde
555 3945 682 4026 iugiter.

353 4048 359 4057 ·
472 4031 537 4093 Hic
593 4039 844 4113 promereantur
880 4048 996 4090 omnes
1035 4028 1142 4090 Petita
1179 4028 1367 4108 acquirere:
1407 4029 1453 4092 Et
1482 4032 1605 4115 adepta

405 4119 572 4200 possidere
588 4139 663 4180 cum
680 4118 804 4178 sanctis
820 4116 1024 4198 perenniter:
1059 4113 1253 4176 Paradisum
1279 4115 1414 4178 introire
1438 4117 1604 4183 Translati

402 4208 436 4268 in
454 4206 607 4286 requiem.

470 4292 583 4355 Gloria
598 4301 632 4354 et
648 4291 754 4353 honor
769 4289 833 4352 deo
848 4285 1054 4369 Vsquequ0.⁸

469 4378 668 4460 Antiphone.
714 4377 846 4439 Domus
862 4395 936 4438 mea
951 4376 1071 4437 domus
1086 4374 1246 4437 orationis
1260 4374 1440 4440 vocabitur.

453 4491 651 4556 ¹dc.·add38.
666 4504 706 4553 49.
721 4490 761 4540 61.
775 4489 870 4554 63.64
1050 4486 1111 4537 ²di.
1126 4487 1150 4538 8.
1165 4489 1239 4537 inm.
1274 4505 1321 4538 om.
1336 4488 1375 4552 38.

373 4608 379 4619 ,
452 4559 531 4619 ⁸[vii.
546 4559 633 4620 9·¹7·]
1056 4553 1240 4618 ‘antiphonoe
1256 4564 1295 4615 39.
1310 4563 1356 4604 etc.

454 4623 644 4684 ‘dieninne
851 4616 990 4682 ⁸Es:38.
1281 4617 1538 4684 ⁷dilecuz38.etc.

454 4686 465 4718 ⁰
480 4688 617 4738 altissimo:
635 4688 692 4736 Vna
704 4686 770 4752 patri
777 4685 879 4750 filioque
892 4684 990 4747 inclyto
1002 4684 1136 4748 paracleto.
1165 4682 1213 4734 Cui
1224 4684 1278 4734 laus
1288 4691 1327 4734 est
1337 4695 1363 4736 et
1373 4696 1492 4751 potestas,
1503 4689 1550 4740 Per
1562 4690 1606 4741 im·

404 4771 491 4806 melisa
502 4753 592 4803 secula
629 4754 719 4802 Amen.
755 4753 811 4802 add
826 4762 865 4814 ῃ
880 4762 920 4812 41.
