3992 5759
393 706 457 757 m
478 706 530 770 τι]
750 708 956 758 CATHEDRA
974 708 1102 758 SANCT
1098 709 1116 757 I
1129 708 1179 757 PE
1184 709 1254 759 TRI.

936 899 1059 963 Oratio.

471 1010 550 1086 Eas,
564 1013 621 1093 qui
638 1012 738 1075 beato
756 1013 853 1076 Petro
868 1014 1023 1095 apostolo
1039 1023 1097 1076 tuo
1121 1013 1250 1076 collatis
1268 1012 1417 1075 clauibus
1437 1012 1528 1094 regni
1542 1030 1594 1073 ce·

491 1096 584 1162 lestis
599 1101 728 1163 animas
744 1099 878 1181 ligandi,
890 1111 991 1181 atque
1007 1099 1158 1163 soluendi
1176 1099 1395 1182 pontificium¹
1412 1098 1598 1162 tradidisti:

390 1186 550 1261 concede,
565 1196 600 1248 vt
616 1185 916 1249 intercessionibus²
931 1189 1001 1250 eius
1013 1189 1141 1251 auxilio
1152 1208 1172 1249 a
1183 1198 1394 1270 peccatorum
1409 1196 1595 1249 nostrorum

392 1273 538 1335 nexibus
553 1272 748 1337 liberemur:
764 1275 821 1355 qui
837 1275 929 1336 viuis.

724 1410 787 1472 Ad
798 1410 998 1472 mamtinum
1014 1411 1267 1473 ritut'taton'um.³

393 1521 498 1651 TU
514 1542 550 1583 es
566 1533 680 1604 pastor
695 1526 808 1586 ouium
825 1524 978 1605 princeps
999 1524 1238 1604 apostolorum,
1254 1523 1313 1585 tibi
1331 1522 1480 1586 tradidit⁴
1504 1520 1597 1583 Deus

485 1608 597 1671 claues
613 1610 703 1690 regni
720 1609 873 1672 celorum.

915 1700 1079 1826 Hymnus.

436 1856 505 1919 Am
519 1857 604 1919 bone
615 1867 728 1939 pastor
739 1858 834 1919 Petre
844 1856 989 1920 clemens
998 1859 1112 1939 accipe
1123 1858 1214 1920 Vota
1220 1871 1413 1940 precantum
1425 1867 1458 1920 et
1470 1855 1597 1939 peccati

458 1944 598 2018 vincula,
623 1944 767 2007 Resolue
790 1945 850 2007 tibi
874 1954 1042 2027 potestate
1065 1945 1208 2007 tradita:
1239 1944 1317 2027 Qua
1339 1945 1466 2007 cunctis
1488 1942 1595 2005 celum

394 2030 497 2093 verbo
511 2030 645 2105 claudis,
658 2033 773 2112 aperis

440 2116 492 2181 Sit
502 2118 640 2180 trinitati
653 2118 855 2201 sempiterna
871 2117 995 2198 gloria:
1016 2118 1142 2193 Honor,
1155 2127 1311 2201 potestas
1322 2129 1422 2200 atque
1438 2115 1596 2180 iubilatio,

398 2203 436 2267 ln
452 2205 578 2267 vnitate
593 2207 645 2266 cui
662 2215 775 2268 manet
791 2205 973 2287 imperium.
1020 2205 1076 2268 Ex
1094 2207 1194 2268 nunc³
1218 2216 1251 2268 et
1273 2207 1374 2268 modo
1399 2225 1457 2288 per
1482 2215 1597 2266 eterna

393 2291 514 2354 secula.
564 2291 684 2354 Amen.

437 2377 635 2458 Antrplrona.
683 2378 736 2441 Tu
761 2399 797 2441 es
823 2391 945 2462 petrus,
971 2389 1005 2441 et
1029 2400 1127 2461 super
1157 2379 1243 2441 hanc
1274 2389 1402 2462 petram
1434 2374 1597 2441 edificabo

393 2465 568 2527 ecclesiam
585 2486 706 2529 meam.

884 2602 990 2664 Lectio
1006 2604 1111 2665 tertia.

397 2711 612 2844 CAthedra
627 2714 749 2776 summi
766 2711 986 2796 pontificatus,
1007 2715 1099 2778 cuius
1114 2713 1213 2777 hodie
1238 2713 1358 2777 festum
1384 2712 1598 2786 celebramus,

480 2801 644 2882 promissa
674 2811 724 2863 est
756 2802 863 2864 Petro,
924 2801 1009 2865 Cum
1042 2801 1191 2866 Christus
1220 2803 1250 2864 ei
1281 2802 1369 2864 dixit
1391 2811 1427 2864 vt
1456 2799 1599 2862 habetur

397 2884 540 2949 Matthei
556 2887 787 2951 sextodecimo
802 2889 920 2970 capite.
966 2889 1042 2972 Ego
1057 2888 1133 2951 dico
1149 2888 1229 2951 tibi:
1244 2889 1323 2970 quia
1346 2898 1382 2950 tu
1408 2908 1444 2950 es
1471 2887 1596 2960 Petrus,

394 2982 429 3036 et
445 2993 542 3056 super
558 2975 643 3036 hanc
660 2986 788 3057 petram
805 2974 969 3038 edificabo
985 2976 1159 3038 ecclesiam
1177 2995 1304 3038 meam:
1319 2986 1353 3037 et
1381 2984 1475 3056 porte
1502 2972 1595 3036 inseri

395 3079 462 3122 non
472 3060 692 3142 preualebunt
707 3060 866 3124 aduersus
875 3082 959 3125 eam.
983 3062 1029 3125 Et
1041 3062 1101 3125 tibi
1112 3063 1201 3124 dabo
1213 3062 1323 3124 claues
1337 3062 1428 3143 regni
1441 3061 1596 3134 celorum,

395 3147 442 3211 Et
457 3147 681 3230 quodcunque
698 3149 851 3230 ligaueris
867 3170 966 3231 super
981 3161 1112 3224 terram,
1132 3149 1194 3211 erit
1220 3147 1359 3231 ligatum
1386 3159 1420 3210 et
1447 3149 1479 3209 in
1507 3146 1595 3220 celis,

392 3243 428 3297 et
451 3235 675 3316 quodcunque
697 3237 835 3298 solueris
858 3247 1100 3317 superterram
1123 3238 1185 3298 erit
1208 3237 1353 3298 solutum
1380 3246 1414 3297 et
1444 3235 1477 3295 in
1508 3232 1596 3296 celis.

395 3321 462 3384 His
478 3322 577 3402 igitur
591 3321 700 3383 verbis
716 3322 866 3386 Christus
881 3322 1075 3385 cathedram
1092 3324 1213 3385 summi
1229 3321 1402 3400 sacerdotij
1417 3322 1515 3383 Petro
1525 3319 1595 3402 pol·

394 3406 505 3470 licitus
521 3421 701 3489 antequam
719 3422 895 3490 pateretur,
905 3411 1046 3472 eandem
1061 3408 1198 3472 tradidit
1211 3423 1287 3491 post
1299 3409 1571 3471 resurrectionem
1588 3430 1595 3467 ε

392 3514 470 3557 cum
488 3504 538 3557 ter
554 3495 616 3576 ipsi
626 3515 722 3557 suum
735 3516 871 3578 gregem
885 3496 1089 3578 pascendum
1102 3497 1361 3559 commendaret
1407 3494 1460 3556 De
1472 3514 1539 3576 quo
1549 3494 1595 3555 sic

393 3581 527 3663 scripsit
546 3582 708 3644 loannes:
725 3582 823 3646 Dixit
841 3585 969 3646 Simoni
992 3585 1091 3645 l'etro
1117 3583 1219 3657 lesus
1243 3582 1359 3646 Simon
1387 3581 1469 3644 lona
1485 3580 1596 3662 diligis

394 3688 450 3730 me
463 3667 537 3750 plus
553 3669 626 3730 his?
650 3668 742 3731 Dicit
757 3671 805 3732 ei:
822 3670 935 3732 Etiam
947 3671 1091 3745 domine,
1103 3673 1222 3744 tuscis,
1235 3670 1312 3751 quia
1324 3689 1401 3732 amo
1418 3679 1458 3731 te.
1506 3668 1596 3730 Dicit

393 3755 435 3830 ei,
453 3756 554 3817 Pasce
569 3776 676 3837 agnos
692 3776 792 3819 meos.
838 3756 928 3819 Dicit
945 3758 974 3819 ei
991 3760 1109 3820 iterum
1133 3757 1249 3820 Simon
1277 3757 1359 3818 lona
1383 3756 1493 3836 diligis
1518 3759 1597 3817 me?

395 3841 458 3905 Ait
474 3841 530 3917 illi,
546 3842 659 3905 Etiam
681 3845 824 3918 domine,
852 3855 887 3906 tu
914 3845 978 3906 scis
1002 3845 1080 3925 quia
1108 3863 1185 3906 amo
1211 3855 1267 3907 te.
1314 3842 1403 3905 Dicit
1428 3843 1466 3917 ei,
1495 3843 1596 3904 Pasce

394 3948 502 4010 agnos
517 3950 618 3994 meos.
665 3929 755 3992 Dicit
770 3931 799 3992 ei
816 3932 921 4005 terti0,
938 3931 1055 3994 Simon
1075 3931 1157 3992 lona
1176 3951 1270 3992 amas
1293 3950 1346 3992 me
1374 3929 1598 3993 Contristatus

394 4025 447 4079 cst
465 4017 579 4078 Petrus
597 4017 676 4098 quia
690 4018 777 4079 dixit
793 4018 822 4079 ei
839 4020 937 4079 tertio
953 4039 1047 4080 amas
1063 4039 1124 4079 me.
1171 4018 1216 4079 Et
1232 4016 1319 4078 dixit
1334 4017 1387 4093 ei,⁰
1404 4016 1506 4078 Pasce
1518 4034 1598 4078 oues

395 4121 498 4179 meas,
529 4103 645 4165 Petrus
676 4104 775 4185 igitur
805 4112 880 4186 post
903 4107 1130 4167 ascensionem
1156 4103 1278 4167 Christi
1302 4102 1344 4165 ad
1370 4112 1496 4185 patrem
1520 4122 1596 4164 cum

397 4189 552 4263 Pontum,
567 4189 748 4265 Galitiam,·'
762 4190 955 4271 Bithyniam
967 4201 1001 4253 et
1012 4190 1261 4273 Cappadociam
1273 4202 1480 4273 peragrasset
1497 4187 1596 4251 fidem

397 4274 520 4339 Christi
544 4276 755 4359 predicando
779 4288 813 4339 et
835 4298 1023 4340 sermonem
1041 4277 1207 4340 miraculis
1222 4275 1460 4351 confirmando,
1477 4275 1596 4337 Antio-

396 4361 506 4425 chiam
523 4383 671 4425 reuersus
687 4375 746 4439 est,
763 4365 874 4446 ibique
890 4364 1093 4438 cathedram,
1110 4364 1172 4426 hoc
1185 4372 1236 4427 est
1245 4366 1358 4427 sedem
1369 4362 1598 4446 apostolicam,

446 4495 455 4528 ¹
472 4498 637 4574 pontificum:
655 4511 695 4562 43.
732 4500 922 4564 pontificatum:
939 4515 979 4561 44
994 4516 1099 4549 munus:
1118 4500 1173 4548 add.
1190 4497 1230 4562 63.

444 4559 456 4593 ²
471 4565 670 4613 mtercessionis:
689 4576 727 4626 39
742 4577 788 4614 etc.
1045 4565 1055 4595 ³
1071 4566 1112 4614 die
1125 4578 1163 4613 22.
1179 4566 1207 4612 in
1219 4581 1252 4614 m.

446 4626 457 4657 ⁴
473 4629 549 4705 tradit¹
558 4647 565 4678 ι
583 4642 623 4693 39.
1049 4628 1059 4659 ⁵
1075 4641 1134 4679 tune
1145 4648 1151 4679 ι
1161 4642 1208 4704 39·
1223 4642 1263 4690 41·
1277 4642 1316 4690 49.
1331 4629 1370 4678 do
1385 4629 1423 4678 61.
1438 4627 1532 4744 6ἒὰ64.

445 4689 457 4722 ⁸
475 4696 584 4744 Domine
595 4706 621 4744 tu
632 4695 718 4744 omnia
728 4696 809 4745 nosti:
827 4704 854 4745 tu
865 4695 913 4745 scis
923 4695 982 4759 quia
993 4711 1051 4744 amo
1062 4705 1095 4744 te.
1134 4696 1202 4744 Dicit
1213 4696 1252 4744 ei:
1270 4696 1325 4744 add.
1341 4707 1380 4757 39.
1394 4706 1433 4755 41.

447 4756 458 4790 ⁷
475 4759 616 4809 Galatiam:
635 4759 674 4823 38.
689 4771 735 4810 etc.
