3992 5759
793 692 984 743 coruum
1006 691 1204 743 Vmomvnr.
1549 691 1603 755 3⁸3

393 846 547 909 fructum.
592 844 683 928 Quid
713 847 803 909 enim
834 855 951 927 querat
982 846 1054 915 sibi.
1080 845 1137 926 qui
1169 843 1291 907 nullius
1316 849 1420 925 eget?
1441 844 1603 907 dominus

392 942 569 996 conseruat
598 953 685 1008 eum,
721 942 756 996 et
790 931 937 994 viuilicat
974 952 1061 1006 eum,
1097 942 1131 993 et
1166 931 1300 995 beatum
1338 931 1417 994 lacit
1452 951 1529 995 eum
1564 933 1596 993 in

392 1019 509 1103 gloria,
520 1018 601 1081 nihil
614 1020 660 1082 illi
675 1019 791 1094 deerit,
801 1020 833 1081 in
845 1019 919 1081 loco
935 1039 1057 1101 pascue
1072 1017 1245 1081 collocato.
1286 1018 1359 1081 Hec
1372 1019 1444 1081 dies
1454 1018 1603 1100 gloriose

393 1107 604 1189 migrationis
618 1108 698 1178 eius,
714 1106 786 1169 dies
802 1107 906 1168 letitie
920 1106 1031 1168 cordis
1045 1106 1117 1167 eius
1131 1105 1323 1168 exultemus
1338 1116 1372 1167 et
1399 1105 1540 1169 letemur
1564 1106 1599 1168 in

392 1214 442 1257 ea„

864 1360 898 1430 ί
921 1355 983 1417 Ad
1006 1354 1127 1416 laudes.

458 1467 659 1548 Antiphone.
693 1466 848 1541 Domine,
858 1468 1007 1547 quinque
1018 1464 1146 1528 talenta
1162 1465 1329 1528 tradidisti
1340 1464 1431 1539 mihi,
1441 1484 1519 1528 ecce
1535 1465 1606 1528 alia

392 1555 542 1637 quinque
556 1553 802 1636 superlucratus
817 1574 900 1617 sum.

740 1721 774 1790 01
799 1714 840 1777 St
838 1715 959 1793 'fuerit
980 1713 1086 1776 abbas.
1127 1713 1249 1777 Oratio.

400 1827 626 1956 INtercessio
638 1846 700 1888 nos
711 1846 893 1926 quesumus
904 1825 1040 1887 domine
1056 1825 1145 1887 beati
1163 1824 1204 1887 N.
1220 1824 1352 1886 abbatis
1366 1824 1602 1887 commendet.

394 1925 485 2084 pervt
494 1914 585 1996 quod
597 1915 718 1975 nostris
730 1914 855 1975 meritis
866 1933 932 1974 non
945 1912 1133 1975 ualemus
1104 1932 1175 1973 eius
1186 1912 1372 1993 patrocinio
1381 1931 1603 1993 assequamur

652 2167 687 2236 ΙΙ
704 2161 732 2223 S
733 2161 749 2222 i
752 2160 864 2241 suerit
877 2161 1038 2240 consessor
1051 2170 1189 2222 tuntum.
1214 2158 1337 2223 Oratio

401 2275 548 2403 DEus‚
564 2275 620 2355 qui
638 2294 699 2335 nos
715 2274 814 2347 beati,
831 2272 872 2334 N.
887 2271 1085 2334 confessoris
1101 2273 1149 2334 tui
1166 2290 1278 2333 annua
1302 2270 1501 2334 solennitate
1526 2272 1596 2334 leti-

483 2360 571 2436 ficas,
586 2360 733 2422 concede
759 2360 931 2442 propitius
958 2368 993 2421 vt
1018 2360 1111 2421 cuius
1136 2358 1288 2420 natalitia
1312 2357 1462 2432 colimus,
1494 2360 1598 2422 etiam

394 2448 543 2511 actiones
559 2448 744 2508 imitemur:
760 2466 826 2528 per.

770 2607 833 2669 Ad
843 2618 998 2688 vesperas.
1045 2606 1208 2687 Hymnus.

401 2719 496 2847 ISte
522 2718 692 2782 consessor
716 2716 854 2781 ¹domini
879 2715 1047 2790 sacratus,¹
1070 2728 1106 2779 v!
1122 2727 1223 2797 supra
1240 2717 1276 2778 in
1298 2718 1472 2796 confessore
1488 2720 1601 2801 ponti·

458 2858 657 2978 Antiphone.
684 2891 749 2954 Hic
761 2893 810 2953 vir
819 2891 1005 2972 despiciens
1018 2889 1190 2967 mundum,
1200 2901 1234 2953 et
1246 2901 1378 2954 terrena
1388 2892 1604 2975 triumphans

394 2981 529 3044 diuitias
545 2980 617 3043 celo
632 2979 783 3042 condidit
794 2998 852 3039 ore
866 2975 912 3039 et²
929 2997 1040 3039 manu.

814 3112 988 3178 Commune
1003 3113 1181 3194 or'rginmn.

834 3230 869 3300 (1
884 3224 945 3286 Ad
953 3226 1163 3288 trratutr'rmm.

459 3340 704 3403 lnm'tatorirmr.
750 3337 878 3419 Regem
891 3337 1055 3417 virginum
1066 3337 1239 3399 dominum
1256 3339 1367 3401 venite
1382 3340 1568 3404 adoremus.

765 3500 823 3567 Hi
825 3520 921 3561 mrms
936 3497 996 3560 ¹ad
1008 3499 1228 3565 matutinum}

397 3616 511 3744 Vl
487 3636 588 3694 rgrnis
604 3614 713 3714 proles
723 3614 782 3762 ορῖἱ
786 3612 908 3692 sexque
921 3611 1036 3673 matris
1039 3611 1163 3693 Virgo
1172 3633 1272 3695 quem
1282 3615 1394 3696 gessit,
1404 3617 1602 3698 peperitque

481 3705 584 3783 virgo
600 3700 749 3781 Virginis
765 3700 885 3762 sestum
901 3699 1053 3760 canimus
1069 3698 1245 3780 tropheum
1263 3701 1390 3784 Accipe
1405 3713 1531 3766 votum.

464 3788 537 3850 Hec
554 3799 611 3850 tua
626 3789 720 3868 virgo
736 3785 860 3868 duplici
876 3784 975 3846 beata
987 3784 1085 3848 Sorte
1095 3786 1176 3848 dum
1187 3789 1288 3866 gestit
1298 3788 1448 3871 fragilem
1459 3791 1601 3854 domare

397 3875 471 3940 Cor
491 3877 557 3937 oris
572 3894 703 3949 sexum,
718 3874 848 3934 domuit
865 3870 1049 3935 Cruentum
1067 3871 1214 3975 Corpore
1230 3874 1364 3939 seclum.

463 3962 564 4024 Vnde
591 3981 651 4024 nec
679 3971 829 4031 mortem,
857 3979 918 4020 nec
944 3960 1052 4021 amica
1069 3962 1184 4023 mortis
1202 3960 1290 4024 Seua
1303 3984 1461 4045 penarum
1473 3984 1595 4046 genera

397 4068 587 4133 pauescens,
604 4047 774 4127 Sanguine
791 4045 865 4107 fuso
881 4047 1002 4108 meruit
1017 4047 1157 4110 secreta³
1174 4049 1342 4113 Scandere
1351 4050 1421 4114 celi.

465 4136 574 4197 Huius
595 4134 735 4197 obtentu
766 4133 848 4195 deus
878 4132 966 4195 alme
996 4134 1117 4197 nostris
1150 4137 1251 4198 Parce
1282 4137 1347 4199 iam
1379 4137 1484 4219 culpis
1515 4138 1601 4201 vitia

397 4223 577 4285 remittens.
625 4220 701 4303 Quo
728 4219 787 4281 tibi
813 4221 883 4302 puri
897 4240 1089 4283 resonemus
1100 4221 1226 4284 almum
1245 4223 1392 4285 Pectoris
1410 4224 1596 4302 Hymnum.

462 4308 578 4372 Gloria
591 4309 685 4390 patri,
697 4308 875 4389 geniteque
892 4307 985 4390 proli,
999 4308 1043 4370 Et
1059 4309 1119 4371 tibi
1133 4329 1270 4390 compar
1281 4313 1451 4392 vtriusque
1464 4330 1600 4393 semper

399 4395 545 4479 Spiritus
560 4395 648 4456 alme
664 4395 746 4456 deus
761 4415 846 4457 vnus
861 4396 953 4457 omni
969 4395 1137 4477 Tempore
1154 4396 1241 4460 secli.
1285 4397 1407 4461 Amen.

461 4482 531 4543 Pro
545 4503 612 4543 rma
634 4482 762 4562 virgine
786 4482 970 4563 antr'plrona.
1019 4483 1092 4546 Hec
1108 4494 1158 4546 est
1186 4485 1280 4567 virgo
1303 4486 1458 4566 sapiens:
1482 4494 1516 4547 et
1531 4505 1601 4547 vna

397 4569 439 4632 de
455 4589 595 4631 numero
611 4569 833 4650 prudentium.

444 4740 495 4779 ¹-¹
512 4758 559 4790 m·
574 4754 614 4805 39·
627 4754 667 4802 4¹·
910 4741 984 4792 ὀνκ·
999 4756 1037 4807 3s
1052 4757 1092 4805 4¹-
1309 4743 1459 4811 ’sapam
1478 4760 1517 4811 39·
1531 4762 1575 4809 4¹·
