3992 5759
657 744 923 795 PSALTERIVM:
949 743 999 794 ΙΝ
1021 744 1138 794 FERIA
1170 743 1333 805 QUARTA.

874 947 1044 1010 ¹Psalmus
1056 947 1115 1027 .64

394 1061 609 1212 TEdldeecnett
623 1061 770 1142 hymnus
786 1060 869 1123 deus
884 1061 918 1123 in
935 1059 1017 1124 Sion
1091 1059 1285 1124 clamabunt
1299 1059 1424 1123 etenim
1440 1057 1604 1141 hymnum

888 1284 1016 1347 ’Palm⁸
1030 1299 1112 1351 .121.

402 1397 583 1525 LEtatus
598 1416 673 1459 sum
690 1396 723 1459 in
740 1395 791 1459 his
814 1415 879 1477 que
902 1395 992 1458 dicta
1015 1406 1094 1460 sunt
1110 1395 1190 1459 mihi
1271 1395 1398 1459 domini
1421 1395 1475 1460 dei
1498 1394 1602 1458 nostri

481 1484 611 1565 quesiui
626 1483 715 1547 bona
729 1483 810 1547 tua.⁴

460 1571 492 1633 Α
497 1570 660 1652 ntiphona.
684 1569 790 1653 Spera
805 1572 839 1634 in
855 1570 919 1633 deo
934 1569 1094 1652 quoniam
1110 1569 1220 1633 adhuc
1235 1569 1418 1635 confitebor
1433 1569 1501 1633 illi⁵

655 1724 767 1799 md
777 1725 920 1787 nonam!
945 1723 1145 1805 Antiphonti.
1168 1723 1341 1789 Gloriosa?

859 1842 893 1911 (Ι
907 1836 1066 1899 Psalmus
1079 1838 1139 1899 .81.

401 1948 536 2076 DEus
551 1948 644 2048 stetit
658 1948 692 2010 in
707 1967 883 2049 sysnagoga
898 1948 1037 2011 deorum
1111 1949 1271 2030 quoniam
1284 1959 1320 2012 tu
1342 1949 1541 2013 hereditabis
1570 1949 1602 2012 in

485 2034 642 2098 omnibus
657 2034 821 2116 gentibus.

844 2193 877 2262 (Ι
893 2187 1063 2250 ⁸Psalntus
1078 2190 1150 2266 .84.⁹

460 2298 679 2362 Vndamenta
694 2300 765 2362 eius
787 2299 820 2361 in
845 2299 1015 2363 montibus
1038 2301 1161 2363 sanctis
1250 2300 1425 2365 letantium
1454 2301 1604 2365 omniurn

481 2385 646 2449 habitatio
660 2396 711 2449 est
727 2387 759 2449 in
782 2396 823 2450 te.

860 2522 1043 2587 ¹⁰Psalmus
1064 2523 1149 2603 .91.¹l

404 2636 544 2764 DEus
558 2636 720 2699 vltionum
737 2635 893 2699 dominus
959 2637 1128 2719 disperdet
1141 2637 1214 2699 illos
1225 2636 1380 2700 dominus
1392 2638 1474 2701 deus
1487 2647 1607 2701 noster.

462 2808 662 2891 Aaronom.
685 2808 838 2873 Gloriosa
853 2811 943 2873 dicta
961 2820 1039 2873 sunt
1054 2810 1097 2873 de
1112 2820 1145 2872 te
1162 2811 1277 2874 ciuitas
1294 2809 1381 2874 dein

699 2968 733 3037 ([
748 2962 811 3025 Ad
821 2974 974 3044 vesperas.
1020 2961 1204 3026 ¹³Psalmus
1218 2965 1303 3028 .12.¹⁴

402 3075 608 3206 Exultate
623 3075 699 3138 iusti
715 3075 748 3136 in
764 3075 903 3138 domino
976 3075 1262 3157 quemadmodum
1278 3077 1485 3158 sperauimus
1504 3077 1538 3140 in
1565 3090 1607 3141 te.

445 3296 454 3328 ¹
472 3299 513 3347 De
532 3297 606 3373 laude
624 3296 688 3373 Dei,⁴
702 3313 732 3346 ac
750 3297 863 3373 potentia
879 3297 941 3357 eius,
965 3307 990 3346 et
1014 3297 1163 3372 virtutibus:
1188 3314 1286 3348 necnon
1309 3299 1342 3348 de
1363 3299 1543 3366 multiplicibus
1565 3301 1606 3351 dei

396 3362 1348 3503 quffiiibtiotbhffehedmlmfflffihccgebfghhffitigeilsgcet
1358 3429 1483 3480 desiderio
1489 3431 1605 3481 veniendi

394 3494 427 3543 ad
440 3494 599 3621 {liiaezuzlse'm
606 3502 738 3606 ssshlltrhoeusm
750 3494 873 3543 celestem
884 3511 891 3542 t
904 3501 948 3557 pr.
962 3492 1002 3541 61.
1017 3503 1064 3543 etc.

443 3622 533 3673 um:
552 3623 591 3686 38.
609 3633 657 3672 etc.
725 3595 731 3606 '

443 3688 536 3738 'tibiz
553 3701 592 3750 39
632 3689 736 3737 Oratae:
751 3690 809 3738 add.
822 3688 862 3752 63.

442 3752 547 3850 :Peter
557 3763 648 3803 noster.
684 3754 837 3803 Auemaris.
874 3753 1151 3804 Deusinadiutorium.
1189 3755 1281 3804 Rerum
1294 3756 1362 3806 deus
1380 3770 1426 3805 10:
1444 3758 1501 3806 add
1515 3757 1555 3821 63.

444 3832 579 3949 Demonhio
589 3884 700 3933 aduentu
716 3883 818 3942 Christi,
831 3894 856 3932 et
874 3883 907 3933 de
925 3884 1100 3948 redargutione
1118 3885 1208 3934 veteris
1227 3901 1376 3951 synagogae:
1394 3902 1424 3936 ac
1441 3888 1473 3937 de
1491 3888 1602 3953 increpu-

393 3951 464 4000 tioue
476 3948 618 4014 iniquorum
629 3949 757 3998 iudicum:
775 3958 800 3999 et
817 3949 979 4013 praedictione
998 3949 1177 4010 damnationis,
1198 3961 1223 4000 et
1244 3967 1325 4016 poenae
1343 3954 1471 4017 ipsorum:
1488 3955 1546 4003 add.
1559 3954 1599 4003 61.

393 4025 455 4109 αι’
471 4080 513 4128 De
534 4079 645 4155 ecclesiae
659 4079 798 4155 militantis
824 4079 923 4144 fastigio
950 4089 975 4128 et
1002 4079 1158 4141 dilatatione,
1187 4097 1217 4130 ac
1238 4082 1271 4131 de
1293 4047 1402 4132 ecclesiia
1428 4083 1604 4148 triumphantis

395 4159 646 4272 wssfflff
657 4160 709 4208 rugi
721 4145 807 4194 laeuua
818 4155 843 4194 et
854 4145 944 4194 laude:
956 4154 999 4208 pr.
1014 4144 1054 4194 61.
1069 4156 1116 4195 etc.

444 4273 465 4305 ¹⁵
481 4276 523 4325 De
550 4275 722 4324 exhortatione
749 4274 782 4323 ad
810 4275 955 4347 patientiam
984 4275 1010 4323 in
1038 4275 1165 4326 laboribus
1193 4277 1323 4337 iustorum,
1346 4288 1433 4328 contra
1456 4278 1599 4329 felicitatem

395 4340 402 4352 '
422 4341 429 4352 '
448 4356 536 4390 uorum
547 4358 555 4389 z
572 4348 599 4389 et
608 4339 641 4389 de
653 4339 781 4389 iudiciaria
791 4349 915 4403 potestate
926 4340 1021 4389 Christi
1032 4340 1058 4389 in
1070 4352 1239 4406 persecutores
1251 4342 1377 4393 fidelium:
1390 4352 1433 4408 pr.
1447 4344 1487 4394 61.
1501 4355 1548 4394 etc.

485 4406 556 4454 ssus
565 4408 618 4454 also
628 4403 668 4467 38.
683 4405 756 4468 xciij:
775 4417 814 4467 39.
828 4414 877 4454 etc.
934 4415 937 4420 '
1224 4432 1227 4438 .

442 4468 463 4501 ¹¹
481 4471 586 4520 Oratis:
601 4471 658 4518 add
671 4469 712 4532 63

444 4533 466 4566 ¹⁸
483 4537 556 4585 Pater
567 4545 658 4585 noster.
693 4536 847 4585 Auemaria.
884 4536 1160 4586 Deusinadiutorium.
1196 4540 1325 4601 Hymnus.
1360 4539 1527 4604 Antiphon:
1543 4543 1599 4592 add.

392 4600 433 4665 ⁶3·
443 4666 593 4715 Exhortatio
622 4675 647 4715 et
684 4666 798 4715 inuitatio
834 4666 953 4715 iustorum
988 4666 1021 4715 ad
1050 4667 1099 4716 Dei
1127 4668 1225 4717 laudem
1254 4679 1356 4733 propter
1378 4670 1456 4735 ipsius
1478 4687 1599 4722 summum

391 4731 554 4846 fidelium}
561 4731 869 4860 pritzentgakmzsspientism
880 4740 905 4781 et
916 4731 1054 4782 bonitatem
1066 4751 1072 4782 :
1090 4735 1146 4782 adal.
1160 4733 1200 4783 61.
1214 4744 1261 4783 etc.

1405 4880 1469 4932 C2
