3992 5759
398 731 468 781 ure.
484 730 538 791 sa]
712 732 739 780 a.
760 729 987 780 srarnnnos
1003 729 1295 781 Pnor'onnnrm.
1559 726 1608 791 3⁶9

399 884 542 947 Moisem
584 884 782 967 protulisset.
844 884 961 965 ltaque
993 883 1097 966 plebe,
1127 904 1166 946 ac
1197 884 1389 958 senioribus,
1426 894 1461 947 et
1491 882 1606 946 scribis

394 972 569 1033 concitatis
593 987 834 1052 'concursuque
868 971 957 1033 lacto
994 973 1028 1033 in
1060 970 1268 1053 Stephanum
1296 991 1415 1033 manus
1446 970 1606 1052 inijciunt,

397 1059 572 1140 ipsumque
605 1058 649 1120 ad
683 1058 858 1121 concilium
893 1058 1099 1135 abstrahunt,
1128 1058 1300 1121 submissis
1334 1058 1424 1120 falsis
1457 1057 1597 1120 testibus

396 1146 454 1225 qui
486 1144 633 1208 dicerent
658 1146 765 1227 ipsum
798 1146 830 1207 in
859 1145 967 1207 locum
993 1155 1145 1207 sanctum
1172 1155 1206 1207 et
1233 1144 1341 1226 legem
1366 1144 1500 1208 solitum
1531 1164 1604 1207 esse
1713 1180 1716 1185 ·

396 1233 605 1294 continenter
629 1232 716 1295 male
747 1231 836 1313 loqui
863 1240 897 1295 et
920 1231 1086 1295 affirmare
1115 1231 1225 1295 lesum
1258 1231 1468 1295 Nazarenum
1494 1231 1603 1294 locum

397 1317 490 1380 illum
528 1339 599 1381 esse
636 1318 871 1381 demoliturum
910 1329 944 1381 et
982 1339 1098 1394 mores,
1135 1337 1219 1398 quos
1258 1319 1370 1382 Moses
1407 1318 1605 1395 tradidisset,

397 1414 612 1468 mutaturum.
658 1405 809 1486 Rogatus
819 1407 918 1486 igitur
933 1426 953 1467 a
966 1405 1169 1487 principibus
1183 1405 1392 1468 sacerdotum
1407 1415 1516 1468 vtrum
1527 1425 1605 1468 vera

396 1502 516 1566 essent,
539 1513 604 1574 que
620 1493 681 1574 ipsi
705 1493 921 1567 obicerentur,
936 1491 1036 1573 longe
1059 1494 1199 1574 repetita
1222 1493 1418 1568 narratione,
1434 1491 1539 1554 multa
1561 1491 1604 1555 de

396 1578 510 1660 figuris
532 1581 652 1642 veteris
675 1581 873 1654 testamenti,
896 1599 961 1660 que
983 1589 1160 1641 venturum
1182 1578 1340 1642 christum
1364 1578 1605 1661 significabant,

397 1664 503 1727 multa
525 1667 626 1728 etiam
650 1665 693 1729 de
716 1665 885 1728 iudeorum
911 1667 1095 1729 inueterata
1125 1664 1271 1748 perfidia,
1293 1676 1327 1729 et
1350 1666 1542 1748 peruicacia,
1564 1686 1604 1727 ac

397 1752 632 1834 prophetarum
679 1755 905 1834 persecutione
944 1752 1106 1816 disseruit.
1166 1751 1296 1834 Quibus
1339 1752 1513 1817 audientes
1558 1752 1604 1814 illi

398 1859 600 1921 magnopere
622 1840 861 1902 cruciabantur.
907 1838 1071 1921 Spectans
1101 1860 1198 1922 porro
1221 1841 1254 1902 in
1277 1839 1395 1916 celum,
1418 1840 1506 1903 Ecce
1528 1838 1605 1920 (ait)

396 1924 495 1988 video
518 1925 606 1989 celos
629 1936 770 2008 apertos,
792 1935 826 1988 et
842 1925 945 1988 filium
962 1926 1107 1989 hominis
1129 1935 1272 1989 stantem
1290 1947 1309 1987 a
1324 1926 1453 1989 dextris
1474 1927 1605 1989 virtutis

397 2012 460 2076 dei.
508 2011 558 2075 llli
588 2033 667 2076 vero
696 2013 924 2076 exclamantes
947 2033 1029 2076 voce
1059 2033 1191 2095 magna,
1217 2012 1481 2095 comprimebant
1510 2033 1606 2076 aures

396 2119 483 2174 suas,
498 2110 532 2162 et
557 2120 634 2162 eum
663 2101 788 2182 impetu
817 2101 905 2162 sacto
929 2110 1026 2162 extra
1049 2100 1164 2163 vrbem
1189 2100 1364 2176 eiecerunt,
1379 2110 1413 2162 et
1439 2099 1605 2182 lapidibus

396 2186 582 2249 obruebant
619 2188 830 2249 inuocantem
867 2196 901 2249 et
937 2186 1127 2249 dicentem:
1188 2186 1333 2250 Domine
1371 2188 1439 2250 iesu
1477 2186 1606 2268 suscipe

396 2274 549 2355 spiritum
581 2294 692 2336 meum
725 2274 897 2335 Postremo
923 2293 999 2335 cum
1025 2274 1165 2354 genibus
1195 2272 1292 2336 flexis
1319 2272 1495 2336 clamasset
1525 2294 1606 2337 voce

398 2381 521 2442 magna
553 2360 699 2423 Domine
731 2381 772 2422 ne
802 2370 929 2422 statuas
967 2360 1030 2422 illis
1060 2360 1122 2423 hoc
1160 2371 1344 2442 peccatum,
1375 2361 1531 2442 migrauit
1562 2360 1605 2423 ad

396 2446 581 2510 dominum.

901 2626 963 2689 Ad
974 2626 1094 2692 laudes.

461 2738 659 2819 Antrplrona.
707 2739 920 2821 Lapidabant
945 2737 1154 2820 Stephanum
1186 2738 1408 2813 inuocantem,
1430 2749 1464 2802 et
1495 2739 1605 2801 dicen-

395 2833 489 2887 tem:
536 2825 681 2889 Domine
705 2827 773 2889 iesu
797 2827 927 2908 suscipe
950 2827 1101 2908 spiritum
1127 2845 1247 2901 meum,
1270 2834 1304 2887 et
1327 2846 1369 2889 ne
1392 2835 1520 2889 statuas
1543 2826 1606 2889 illis

399 2910 461 2974 hoc
475 2924 658 2994 peccatum.

465 2998 587 3063 Oratio.
635 2999 688 3061 Da
705 3000 800 3061 nobis
815 3019 1004 3081 quesumus.
1021 3009 1178 3080 utsupra.

461 3086 589 3148 Deinde
611 3098 674 3167 pro
702 3088 997 3149 connnemoratrone
1029 3086 1217 3147 natrin'tatrs
1252 3085 1380 3150 dr'citur.
1441 3085 1605 3150 Oremus.l

397 3171 521 3235 Oratio.
568 3173 723 3237 Concede
739 3173 941 3254 quesumus.2

886 3351 948 3414 Ad
959 3362 1114 3432 vesperas.

462 3461 624 3543 Hymnus.
671 3462 764 3526 Deus
780 3474 911 3526 tuorum
930 3461 997 3526 etc.³

461 3548 658 3632 Antiphona.
705 3549 913 3631 Sepelierunt
936 3560 1047 3613 autem
1073 3548 1281 3631 Stephanum
1305 3548 1364 3611 viri
1388 3548 1542 3626 timorati,
1569 3559 1604 3612 et

394 3635 544 3698 fecerunt
560 3637 730 3719 planctum
749 3658 907 3718 magnum
925 3658 1023 3719 super
1038 3657 1123 3699 eum.

465 3722 586 3787 Oratio.
633 3723 687 3785 Da
704 3724 807 3786 nobis,

609 3911 736 3973 Deinde
744 3923 806 3992 pro
821 3910 1115 3973 commemoratione
1127 3910 1235 3972 sancti
1246 3909 1389 3974 Ioannis.

464 4022 663 4102 Amphora.
711 4021 778 4085 lste
793 4032 843 4085 est
862 4022 1004 4085 loannes
1019 4023 1076 4103 qui
1089 4041 1187 4104 supra
1200 4033 1315 4104 pectus
1330 4021 1456 4084 domini
1470 4022 1502 4084 in
1519 4043 1602 4086 cena

395 4109 553 4184 recubuit,
571 4109 692 4171 Beatus
708 4108 886 4191 apostolus,
902 4110 953 4172 cui
971 4109 1116 4171 reuelata
1132 4119 1209 4170 sunt
1224 4119 1349 4172 secreta
1364 4108 1506 4173 celestia.

845 4281 996 4346 Oremus.
1044 4281 1166 4346 Oratio.

401 4392 627 4520 ECclesiarn
655 4403 747 4494 tuam
772 4395 907 4457 domine
931 4394 1094 4494 benignus
1118 4394 1252 4494 illustra,
1275 4403 1312 4456 vt
1337 4393 1437 4494 .bf³³ti
1464 4394 1601 4458 Ioannis

480 4480 620 4561 apostoli
652 4490 699 4543 tur
729 4492 763 4545 et
792 4481 997 4563 euangeliste
1025 4480 1209 4544 illuminata
1240 4482 1407 4557 doctrinis,
1437 4481 1481 4544 ad
1511 4481 1600 4545 dona

392 4568 565 4650 perueniat
581 4569 782 4650 sempiterna
799 4592 805 4631 :
821 4589 887 4652 per.

443 4715 514 4766 1ιυιι.
530 4717 569 4766 60.
1039 4715 1094 4767 ὐἱ
1106 4720 1135 4766 in
1146 4720 1203 4767 die:
1219 4718 1277 4768 add.
1293 4731 1332 4782 39.
1346 4732 1386 4780 ⁴1·

441 4780 453 4811 ³
469 4783 593 4832 militum:
612 4791 639 4831 nt
650 4785 679 4833 in
690 4786 818 4833 conmnmi
827 4784 904 4833 nnius
915 4784 1053 4846 martyris:
1070 4796 1109 4846 39.
1123 4796 1163 4845 41.
1199 4783 1254 4844 [See
1265 4785 1347 4843 utam,
1361 4800 1385 4849 p.
1400 4785 1470 4847 3770]

436 4863 567 4913 B.R.N.
1405 4865 1469 4913 213
