3992 5759
683 718 929 768 HEBDOMADA
951 719 1091 768 TERTIA
1109 718 1324 770 ADVENTUS.
1574 729 1604 783 55

394 871 467 935 Sed
506 874 533 934 si
572 872 735 936 subtiliter
765 873 886 935 veritas
923 873 995 953 ipsa
1026 872 1209 955 requiratur
1239 873 1302 934 hoc
1332 871 1422 954 quod
1454 873 1539 934 inter
1569 892 1605 935 se

391 960 598 1022 contrarium
622 960 755 1023 sonuit:
778 961 949 1041 quomodo
965 960 1165 1023 contrarium
1182 979 1249 1021 non
1266 959 1308 1022 sit
1324 959 1498 1022 inuenitur.
1547 958 1602 1021 Ad

396 1047 596 1109 Zachariam
613 1066 760 1128 namque
775 1044 819 1108 de
837 1046 971 1109 loannis
987 1047 1206 1128 promissione
1221 1046 1360 1128 angelus
1382 1047 1479 1108 dixit.
1528 1045 1604 1126 lpse

395 1134 520 1215 preibit
549 1145 628 1196 ante
662 1133 775 1196 illum:
813 1134 846 1195 in
878 1134 993 1215 spiritu
1025 1151 1058 1196 et
1089 1133 1210 1196 virtute
1238 1133 1320 1195 Elie.
1376 1131 1456 1214 Qui¹
1487 1134 1605 1195 iccirco

394 1232 557 1283 venturus
587 1221 619 1282 in
651 1219 768 1302 spiritu
798 1229 833 1283 et
862 1221 984 1283 virtute
1017 1220 1090 1282 Elie
1120 1221 1260 1282 dicitur:
1291 1221 1370 1302 quia
1400 1220 1484 1283 sicut
1511 1218 1604 1282 Elias

397 1309 583 1370 secundum
611 1306 738 1370 domini
765 1305 948 1370 aduentum
977 1307 1147 1387 preueniet
1174 1307 1220 1369 ita
1249 1306 1393 1368 loannes
1419 1304 1604 1388 preuenied

396 1396 554 1476 primum.
613 1393 710 1458 Sicut
747 1393 802 1455 ille
840 1414 1012 1476 precursor
1048 1404 1207 1457 venturus
1237 1403 1288 1455 est
1318 1392 1436 1456 iudicis
1465 1394 1511 1456 ita
1543 1394 1605 1455 iste

398 1501 572 1562 precursor
586 1479 695 1544 factus
710 1492 760 1543 est
777 1482 1005 1563 redemptoris.
1052 1481 1196 1543 loannes
1211 1480 1312 1561 igitur
1327 1481 1361 1542 in
1377 1481 1494 1562 spiritu
1512 1479 1605 1541 Elias

396 1580 469 1630 erat
483 1591 491 1628 ε
514 1568 548 1629 in
563 1587 707 1649 persona
724 1567 817 1630 Elias
832 1588 898 1630 non
916 1578 995 1631 erat.
1042 1567 1141 1649 Quod
1157 1588 1238 1649 ergo
1253 1567 1409 1629 dominus
1425 1566 1546 1630 fatetur
1562 1564 1605 1628 de

395 1655 536 1736 spiritu:
558 1654 622 1716 hoc
637 1654 780 1717 loannes
792 1655 936 1737 denegat
952 1655 994 1718 de
1008 1675 1157 1736 persona,
1170 1654 1258 1736 Quia
1274 1664 1307 1715 et
1324 1655 1446 1717 iustum
1463 1654 1509 1715 sic
1526 1663 1606 1729 erat,

395 1753 432 1804 vt
447 1742 619 1823 discipulis
642 1740 797 1804 dominus
819 1741 1024 1824 spiritualem
1041 1740 1082 1803 de
1101 1741 1228 1804 Ioanne
1242 1741 1443 1803 sententiam
1459 1739 1604 1803 diceret:

397 1841 432 1890 et
458 1827 602 1890 loannes
625 1828 713 1891 idem
739 1828 844 1891 turbis
871 1828 1058 1890 camaiibus
1083 1849 1148 1890 non
1174 1830 1216 1890 de
1243 1847 1304 1890 suo
1330 1828 1457 1909 spiritu,
1479 1829 1536 1888 sed
1562 1826 1605 1888 de

396 1935 536 1996 corpore
552 1916 768 1997 responderet
784 1914 995 1979 Contrarium
1012 1935 1093 1997 ergo
1107 1916 1237 1977 videtur
1260 1933 1332 1976 esse
1355 1913 1499 1976 veritati³
1514 1913 1604 1995 quod

400 2002 545 2064 loannes
560 2003 690 2066 sonuit:
715 2003 773 2064 sed
790 2012 903 2065 tamen
919 2022 939 2064 a
956 2003 1104 2064 veritatis
1119 2003 1252 2064 tramite
1269 2021 1335 2063 non
1352 2001 1493 2063 recessit.

782 2170 816 2239 Ι[
838 2163 901 2226 Ad
912 2164 1025 2226 landes
1039 2163 1223 2244 antiphona.

489 2295 548 2338 rex
564 2275 726 2358 gentium,
741 2285 776 2338 et
798 2273 1018 2356 desyderatus
1042 2295 1165 2350 earum,
1181 2275 1332 2356 lapisque
1354 2274 1531 2356 angularis,
1549 2275 1604 2354 qui

398 2449 415 2511 s
489 2363 584 2462 iacis⁴
609 2372 748 2443 vtraque
774 2382 887 2438 vnum,
909 2363 994 2438 veni,
1017 2363 1111 2425 salua
1133 2362 1313 2436 hominem,
1336 2380 1435 2442 quem
1461 2362 1502 2423 de
1526 2361 1607 2423 limo

411 2459 591 2612 ozash'hc
615 2535 791 2617 antiphona
817 2536 952 2598 dr'canda
982 2546 1030 2598 ast
1057 2537 1106 2598 aa'
1130 2537 1243 2598 laudas
1266 2556 1363 2618 osque
1387 2535 1436 2597 ad
1455 2534 1607 2616 uigiliam

398 2623 589 2685 natiuitatis
602 2623 761 2685 exclusiua
774 2623 902 2704 quando
918 2644 980 2685 non
995 2623 1111 2704 agitur
1123 2623 1162 2684 da
1174 2622 1304 2687 sancta⁵

946 2759 1068 2823 Oratio.

476 2870 579 2934 Vrem
604 2881 705 2947 tuam,
728 2891 910 2953 quesumus
933 2871 1076 2943 domine,
1101 2870 1253 2952 precibus
1274 2870 1395 2932 nostris
1418 2870 1610 2945 accomoda,

490 2967 525 3020 et
555 2959 677 3021 mentis
707 2972 819 3021 nostre
845 2958 1000 3020 tenebras
1027 2960 1135 3038 gratia
1158 2967 1216 3020 tua
1238 2957 1438 3020 visitationis
1461 2955 1608 3018 illustra:

400 3045 459 3126 qui
474 3045 568 3108 viuis.
583 3055 644 3107 etc.

466 3132 530 3194 Ad
547 3142 695 3212 vesperas
718 3131 904 3212 antiphona.
949 3130 981 3195 Ο
1006 3130 1207 3194 Emmanuel
1224 3151 1294 3207 rex,
1308 3140 1342 3194 et
1358 3129 1473 3212 legiler
1489 3139 1610 3204 noster,

401 3219 596 3300 expectatio
619 3220 780 3301 gentium,
796 3229 829 3280 et
855 3217 1003 3280 saluator
1026 3238 1149 3294 earum,
1164 3218 1239 3281 veni
1264 3218 1307 3279 ad
1332 3217 1530 3280 saluandum
1547 3235 1609 3277 nos

400 3305 538 3368 domine
552 3304 634 3368 deus
650 3315 770 3369 noster.
813 3310 847 3379 ([
870 3304 941 3367 Hac
954 3303 1131 3386 antiphona
1145 3303 1280 3367 dicitnr*
1293 3305 1343 3366 ad
1353 3314 1499 3384 vesperas
1513 3323 1611 3384 arsque

401 3393 452 3454 ad
462 3391 613 3474 vigiliam
629 3391 819 3454 natiuitatis
831 3393 960 3473 parando
975 3413 1038 3454 non
1044 3391 1093 3473 fit
1106 3392 1144 3453 da
1158 3409 1274 3454 sancta.

706 3560 740 3629 Ι[
763 3553 863 3616 Faria
878 3553 921 3633 ij.
937 3574 976 3614 ar
993 3551 1106 3615 lania.7
1150 3553 1257 3615 Lectio
1272 3554 1303 3633 j.

403 3666 585 3797 CLama,
600 3686 642 3728 ne
669 3686 786 3741 cesses,
801 3665 896 3747 quasi
924 3665 1005 3728 tuba
1020 3665 1133 3728 exalta
1155 3685 1272 3727 vocem
1288 3674 1381 3727 tuam
1456 3663 1609 3745 implebit

482 3753 714 3835 splendoribus
736 3754 883 3815 animam
900 3761 1002 3815 tuam.
1017 3762 1051 3813 et
1066 3772 1142 3814 ossa
1157 3762 1215 3815 tua
1231 3750 1391 3813 liberabit.

700 3908 734 3978 ΙῙ
759 3901 943 3965 Secundum
960 3897 1107 3964 Lucairr.⁸
1150 3899 1257 3962 Lectio
1272 3900 1315 3980 ij.

404 4013 538 4145 CVm
562 4024 676 4078 autem
702 4013 872 4094 implesset
898 4013 1012 4075 omnia
1038 4012 1139 4075 verba
1213 4021 1247 4074 et
1262 4012 1340 4092 quia
1356 4010 1438 4074 deus
1462 4011 1610 4075 uisitauit

485 4100 616 4183 plebem
633 4120 740 4163 suam.

693 4259 727 4328 Ι[
756 4253 867 4315 Tertia
881 4252 969 4315 lectr'o
983 4253 1111 4334 qnando
1117 4251 1165 4332 fit
1178 4252 1217 4313 da
1223 4252 1325 4331 saraa.

471 4365 631 4429 Sanctam
648 4377 681 4429 et
696 4355 971 4448 desyderabilem.
987 4374 1041 4426 etc.
1057 4373 1094 4425 ot
1107 4375 1205 4444 snpra
1212 4364 1299 4441 solio
1314 4362 1378 4427 66⁹

451 4572 459 4602 ¹
478 4573 562 4636 Quid:
579 4572 620 4622 61.
852 4567 856 4573 ’
1008 4572 1019 4600 '²
1035 4572 1166 4636 preuenit:
1185 4584 1223 4634 39.
1238 4585 1277 4632 41.
1292 4571 1332 4619 60.
1346 4570 1385 4619 61.
1401 4570 1440 4633 63.
1454 4570 1494 4630 64.

451 4637 463 4667 ³
479 4639 608 4687 veritatis:
626 4652 665 4698 44.
1011 4637 1020 4666 ⁴
1038 4653 1087 4685 ex:
1105 4639 1159 4685 achi.
1175 4637 1214 4685 61.
1229 4636 1268 4696 64.

451 4703 464 4731 ⁵
479 4704 604 4753 Otemus:
622 4705 677 4752 add.
692 4703 732 4752 61.
1007 4700 1018 4731 ⁶
1034 4701 1160 4751 dicicitur:
1179 4701 1218 4764 38.

452 4767 551 4830 ⁷[1n'11
568 4770 652 4829 1-11.]
813 4766 824 4797 ⁸
840 4766 902 4833 Cap.
917 4779 940 4830 7.
955 4769 1029 4816 inm.
1046 4768 1097 4827 [vii.
1115 4767 1199 4828 1-16.]
1246 4835 1248 4840 .
1366 4766 1377 4794 ⁹
1393 4767 1448 4827 [See
1459 4782 1484 4830 p.
1499 4766 1553 4828 45.]
