3992 5759
389 746 458 795 An.
471 743 527 806 22]
749 743 777 792 S.
796 742 1035 793 APOLLONIUS
1042 757 1051 790 .·
1067 743 1095 792 S.
1117 742 1235 793 CAIUS.
1547 752 1596 805 275

393 896 504 981 Quam
520 897 704 960 demiratus
728 897 901 960 Maximus
927 896 977 958 vir
1002 895 1129 969 nobilis,
1155 896 1211 976 qui
1238 895 1355 958 horum
1383 894 1594 958 decollationi

393 985 523 1069 prefuit,
538 1004 614 1047 cum
632 983 800 1047 nonnullis
816 983 996 1047 satellitum
1013 1002 1193 1045 conuersus
1208 993 1268 1057 est,
1283 993 1316 1044 et
1327 992 1463 1064 propter
1473 981 1594 1045 Christi

392 1071 637 1135 consessionem
667 1091 785 1134 omnes
816 1090 920 1151 vsque
949 1071 992 1132 ad
1024 1066 1153 1131 decern¹
1184 1069 1364 1151 plumbatis
1390 1071 1466 1144 cesi,
1489 1088 1596 1149 eoque

392 1158 544 1241 supplicij
562 1176 684 1241 genere
700 1159 860 1238 martyrio
871 1157 1020 1219 coronati
1038 1166 1124 1232 sunt,
1140 1166 1173 1219 et
1189 1156 1231 1218 ad
1248 1156 1422 1219 dominum
1450 1154 1596 1217 inuictis-

392 1246 467 1308 simi
482 1243 767 1327 commigrarunt²

938 1380 1060 1443 Oratio.

399 1493 560 1623 PResta
571 1513 751 1574 quesumus
762 1494 977 1571 omnipotens
989 1492 1080 1566 deus,
1091 1503 1126 1555 vt
1138 1493 1194 1573 qui
1207 1501 1396 1555 sanctorum
1412 1502 1596 1574 martyrum

476 1591 610 1644 tuorum
642 1580 807 1661 Tyburtij‚
837 1579 1017 1649 Valeriani,
1042 1590 1076 1641 et
1101 1580 1245 1642 Maximi
1269 1578 1435 1641 solennia⁸
1457 1580 1600 1642 colimus

391 1686 510 1731 eorum
525 1670 627 1731 etiam
645 1669 783 1731 virtutes
799 1669 988 1730 imitemur:
1013 1687 1078 1748 per.

560 1835 593 1905 (l,
616 1830 834 1911 Appolliniun
852 1828 993 1892 Senator
1007 1828 1154 1908 morter
1198 1829 1304 1891 Lectio
1319 1830 1424 1894 tertia.

471 1941 642 2005 Pollinius⁴
676 1942 827 2004 Romane
856 1942 945 2004 vrbis
976 1951 1109 2003 senator
1139 1961 1204 2003 non
1234 1941 1341 2004 solum
1372 1944 1500 2024 opibus,
1539 1944 1598 2006 sed

492 2028 682 2092 liberalibus
696 2030 796 2091 etiam
814 2028 1005 2110 disciplinis,
1023 2049 1060 2089 ac
1078 2048 1206 2090 morum
1229 2030 1419 2108 integritate
1429 2029 1544 2102 clarus,
1555 2031 1596 2093 ad

395 2116 565 2181 Christum
611 2135 791 2178 conuersus
837 2116 941 2177 Lucio
980 2115 1118 2176 Aurelio
1163 2116 1353 2179 Commodo
1391 2118 1598 2198 imperatore,

394 2204 574 2267 christiane
606 2204 738 2285 pietatis
768 2204 919 2283 egregius
949 2202 1056 2264 cultor
1086 2201 1156 2271 suit,
1193 2223 1268 2264 cum
1308 2204 1374 2265 iam
1415 2207 1599 2285 persecutio

394 2290 528 2353 sublata
542 2310 614 2352 esse
629 2290 794 2352 videretur
810 2288 882 2370 lege
898 2288 1119 2371 promulgata,
1136 2288 1189 2350 Ne
1203 2288 1371 2352 christiani
1385 2304 1600 2371 quererentur

395 2377 440 2439 ad
464 2398 593 2459 penam,
617 2377 674 2439 sed
698 2376 802 2439 oblati
827 2376 996 2437 duntaxat
1019 2377 1223 2457 punirentur,
1247 2396 1333 2457 pena
1355 2379 1457 2439 etiam
1482 2380 1598 2441 mortis

395 2464 601 2527 delatoribus
618 2465 795 2546 proposita.
845 2464 881 2525 ln
899 2483 938 2524 ea
962 2463 1061 2542 igitur
1084 2463 1335 2525 christianorum
1361 2464 1600 2545 tranquillitate

398 2549 612 2633 Apollonius⁶
649 2571 668 2612 a
703 2570 799 2613 seruo
835 2549 993 2631 proditus,
1026 2559 1060 2611 et
1094 2549 1183 2631 apud
1219 2550 1415 2613 Perennium
1455 2552 1598 2614 iudicem

395 2647 581 2707 accusatus,
612 2637 686 2699 fidei
720 2658 777 2698 sue
809 2636 969 2699 rationem
1003 2635 1141 2697 reddere
1172 2636 1304 2698 iubetur
1337 2649 1471 2720 sumpta
1511 2660 1598 2721 pena

397 2725 546 2808 legitima
576 2724 619 2786 de
648 2744 745 2786 seruo
775 2723 930 2785 delatore.
977 2722 1061 2786 Cum
1093 2742 1173 2804 ergo
1211 2723 1339 2804 insigne
1377 2724 1530 2787 volumen
1566 2728 1599 2788 in

396 2811 625 2873 defensionem
643 2812 820 2873 christiane
837 2809 913 2871 fidei
930 2831 949 2870 a
966 2832 1001 2871 se
1016 2812 1237 2891 compositum
1265 2812 1297 2871 in
1326 2822 1443 2874 senatu
1469 2812 1601 2894 publice

399 2898 540 2980 legisset,
563 2910 697 2960 senatus
720 2896 874 2959 consulto
897 2897 1077 2959 damnatus
1094 2908 1154 2971 est,
1169 2908 1202 2958 et
1218 2917 1278 2978 pro
1294 2895 1415 2960 Christi
1432 2902 1599 2961 constanti

398 2984 606 3048 consessione
634 2985 744 3067 capite
772 2994 943 3046 truncatus
969 2984 1061 3063 xiiij.
1088 2983 1244 3045 calendas
1273 2984 1365 3064 llaij.
1412 2986 1485 3047 Lex
1510 2987 1599 3047 enim

395 3081 478 3148 erat,
493 3092 535 3134 ne
550 3071 718 3133 christiani
736 3070 812 3132 lacti
831 3071 875 3131 rei
892 3070 1017 3151 absque
1032 3070 1144 3132 christi
1161 3070 1384 3151 abnegatione
1394 3073 1600 3134 dimitteren-

396 3168 458 3222 tur.

671 3301 704 3370 ί
731 3292 847 3357 Gaius?
855 3305 945 3374 papa
961 3296 1109 3367 hrorti-'rs‘
1152 3294 1258 3356 Lectio
1275 3295 1322 3375 irj.

399 3406 565 3541 GAius⁷
603 3429 690 3490 papa
728 3409 862 3470 natione
901 3406 1061 3469 Dalmata
1098 3407 1231 3469 ordines
1269 3408 1444 3471 destinxit⁹
1481 3411 1603 3490 quibus

487 3495 652 3578 gradatim
679 3497 720 3557 ad
745 3496 973 3576 episcopatum
1002 3494 1241 3556 ascenderetur.
1287 3493 1437 3575 Quorum
1456 3501 1599 3578 primum

398 3592 492 3645 tenet
543 3582 729 3654 hostiarius,
781 3580 920 3643 alterurn
968 3579 1079 3653 lector,
1123 3592 1193 3642 turn
1239 3582 1416 3656 exorcista,
1454 3585 1603 3664 sequitur

398 3668 548 3743 acolitus,
578 3668 813 3741 subdiaconus
850 3667 1019 3743 diaconus,
1056 3667 1237 3749 presbyter,
1274 3670 1456 3751 episcopus.
1506 3671 1599 3734 Idem

397 3756 570 3819 constituit
596 3755 647 3817 Ne
670 3755 721 3817 cui
746 3755 919 3836 prophano
943 3756 1043 3815 sacris
1066 3755 1243 3829 initiatum,
1279 3775 1339 3817 nec
1378 3777 1511 3838 pagano
1548 3759 1601 3820 vel

398 3842 545 3905 heretico
561 3842 673 3904 liceret
689 3842 904 3903 christianum
922 3841 1091 3902 hominem
1110 3842 1141 3902 in
1159 3840 1317 3903 iudicium
1341 3863 1466 3905 vocare.
1515 3845 1600 3908 Item

398 3940 436 3992 vt
482 3949 582 3991 nemo
627 3930 819 4010 episcopum
860 3941 918 3991 aut
955 3928 1109 3989 clericum
1148 3929 1237 4009 apud
1276 3929 1439 3991 seculares
1476 3931 1603 3994 iudices

395 4026 577 4079 accusaret.
626 4016 797 4078 Postremo
827 4026 901 4077 orta
937 4016 969 4077 in
1001 4015 1198 4076 christianos
1225 4025 1374 4096 tempore
1401 4017 1602 4082 Diocletiani

397 4104 628 4187 persecutione
659 4103 811 4164 maxima
840 4122 916 4163 curn
957 4103 989 4163 in
1029 4101 1250 4163 subterraneis
1288 4102 1368 4164 locis
1405 4103 1460 4165 diu
1492 4107 1602 4168 vitans

397 4192 575 4272 impiorum
605 4188 747 4251 furorem
776 4189 935 4263 latuisset,
962 4198 1079 4270 captus
1102 4209 1122 4249 a
1146 4190 1409 4269 persecutoribus
1433 4212 1498 4252 vna
1524 4213 1601 4254 cum

397 4276 546 4341 Gabinio
574 4275 684 4351 fratre,
709 4277 847 4356 eiusque
875 4274 941 4336 filia
973 4275 1128 4338 Susanna
1163 4276 1322 4355 martyrio
1356 4289 1533 4340 coronatur
1559 4302 1602 4342 .x.

396 4363 555 4426 calendas
573 4362 656 4443 Maij
673 4374 707 4425 et
724 4363 756 4424 in
773 4362 951 4424 cemeterio
968 4361 1084 4426 Calisti
1110 4362 1164 4423 ria
1191 4362 1305 4444 Appia
1332 4364 1498 4445 sepelitur,
1524 4386 1607 4429 cum

395 4449 537 4514 sedisset
553 4470 661 4512 annos
678 4450 732 4512 .xi.
749 4468 882 4511 menses
898 4449 962 4529 iiij.
979 4450 1050 4511 dies
1065 4449 1132 4529 xij.

444 4601 453 4633 ¹
471 4618 577 4652 necem:
595 4615 634 4665 39
649 4612 695 4652 etc
949 4599 960 4631 ²
976 4602 1165 4665 commigrauit:
1179 4615 1218 4665 39.
1392 4604 1403 4633 ³
1419 4606 1516 4656 solenni
1527 4626 1538 4656 r
1551 4621 1596 4671 43.

444 4666 455 4697 ⁴
472 4667 638 4732 Apollonius:
657 4680 695 4730 39
710 4678 756 4717 etc.
949 4665 960 4695 ⁵
975 4667 1017 4715 die
1032 4666 1068 4715 18.
1083 4669 1112 4714 r'n
1123 4684 1156 4717 nr.

443 4730 455 4762 ¹
472 4733 630 4798 Apollinius:
648 4732 687 4796 38.
950 4731 960 4762 ἲ
977 4732 1070 4781 Caius:
1088 4745 1127 4794 39,
1141 4746 1181 4792 41.
1195 4746 1235 4796 «ῃ
1249 4747 1289 4796 qq
1304 4735 1343 4785 60.
1358 4735 1448 4798 bib}
1460 4736 1501 4787 66.

442 4796 453 4828 ⁸
468 4798 503 4848 di.
515 4811 555 4847 22
570 4799 599 4846 iu
612 4815 644 4847 nr.
948 4794 959 4827 ⁸
980 4798 1005 4845 T
1002 4796 1051 4844 hus
1060 4798 1113 4846 also
1123 4797 1162 4860 38.
1197 4798 1328 4851 distinxit:
1346 4814 1385 4865 39.
1399 4810 1446 4852 etc.

1403 4882 1470 4931 T2
