3992 5759
687 731 804 781 raam
835 730 979 792 numni
1009 729 1189 781 pascuas.
1496 745 1547 795 139

326 884 556 966 piscationem
571 883 677 966 redijt.
723 883 769 946 Et
785 903 860 945 cum
877 884 998 946 veritas
1014 883 1112 959 dicat,
1128 903 1228 947 nemo
1244 886 1379 947 mittens
1405 905 1540 948 manum

327 990 433 1034 suam
457 971 500 1035 ad
524 980 680 1047 aratrum,
703 979 738 1033 et
762 971 927 1052 aspiciens
952 981 1047 1047 retro,
1071 980 1170 1052 aptus
1195 981 1246 1033 est
1271 990 1374 1052 regno
1398 971 1460 1048 dei,
1484 992 1543 1034 cur

328 1057 471 1141 repetijt
485 1058 578 1140 quod
593 1057 749 1138 reliquit?
788 1057 855 1121 Sed
872 1058 899 1120 si
916 1058 1019 1119 virtus
1035 1057 1242 1120 discretionis
1258 1059 1430 1140 inspicitur
1444 1059 1542 1122 citius

327 1145 467 1208 videtur
492 1146 571 1226 quia
596 1145 751 1207 nimirum
780 1145 954 1226 negocium
980 1143 1070 1224 quod
1087 1154 1165 1206 ante
1191 1145 1443 1207 conuersionem
1469 1146 1540 1209 sine

329 1242 475 1314 peccato
489 1232 612 1308 extitit,
627 1231 690 1293 hoc
705 1233 807 1293 etiam
824 1243 900 1313 post
915 1232 1166 1293 conuersionem
1183 1241 1330 1313 repetere
1352 1231 1451 1314 culpa
1473 1252 1540 1295 non

329 1317 408 1382 fuir.
461 1318 550 1381 Nam
578 1320 775 1400 piscatorem
804 1318 938 1381 Petrum
966 1317 1155 1381 Mattheum
1183 1338 1261 1379 vero
1287 1317 1542 1381 theloneariuml

330 1406 468 1469 scimus.
522 1405 567 1468 Et
598 1413 673 1488 post
703 1406 954 1467 conuersionem
986 1424 1080 1467 suam
1107 1405 1150 1466 ad
1178 1406 1395 1486 piscationem
1426 1406 1545 1468 Petrus

329 1491 442 1573 redijt.
492 1492 663 1555 Mattheus
678 1511 756 1554 vero
771 1491 813 1554 ad
830 1492 974 1553 thelonei
991 1492 1166 1573 negocium
1183 1512 1248 1554 nou
1266 1490 1407 1555 resedit.2
1453 1491 1543 1574 Quia

329 1579 425 1643 aliud
448 1591 500 1642 est
521 1580 646 1641 victum
674 1599 731 1660 per
754 1580 972 1660 piscationem
997 1597 1133 1658 querere
1156 1579 1246 1642 aliud
1271 1578 1417 1641 thelonei
1444 1580 1543 1642 lucris

330 1667 494 1749 pecunias
509 1685 639 1748 augere.
685 1665 771 1729 Sunt
787 1666 876 1727 enim
893 1663 1050 1747 pleraque
1067 1666 1205 1746 negocia
1221 1685 1286 1746 que
1301 1666 1372 1728 sine
1396 1667 1540 1747 peccatis

328 1752 494 1829 exhiberi,
510 1762 568 1815 aut
586 1752 653 1829 vix,
668 1762 726 1814 aut
739 1751 927 1814 nullatenus
940 1761 1087 1833 possunt.
1133 1750 1208 1832 Que
1219 1772 1299 1833 ergo
1311 1752 1353 1814 ad
1367 1763 1542 1834 peccatum

328 1837 529 1922 implicant,³
544 1839 587 1903 ad
603 1839 664 1901 hec
681 1858 815 1901 necesse
827 1848 877 1900 est
893 1847 929 1900 vt
945 1849 1020 1920 post
1043 1840 1294 1901 conuersionem
1318 1841 1449 1901 animus
1474 1860 1539 1902 non

327 1936 485 1989 recurrat.
532 1926 634 2009 Queri
650 1927 751 1988 etiam
769 1935 887 2008 potest,
902 1946 960 1987 cur
975 1925 1147 2006 discipulis
1162 1926 1195 1986 in
1213 1927 1294 1988 mari
1312 1926 1541 1990 laborantibus

328 2023 411 2094 post
445 2014 715 2075 resurrectionem
761 2032 856 2074 suam
901 2012 1056 2074 dominus
1098 2013 1130 2073 in
1168 2012 1277 2075 littore
1312 2014 1412 2089 stetit,
1449 2014 1541 2093 quia*

326 2109 411 2161 ante
427 2100 698 2162 resurrectionem
715 2119 808 2161 suam
826 2118 937 2160 coram
954 2099 1124 2180 discipulis
1140 2100 1207 2160 suis
1224 2100 1256 2160 in
1269 2098 1422 2161 fluctibus
1439 2101 1543 2161 maris

326 2186 541 2249 ambulauit?
587 2186 690 2250 Cuius
706 2187 750 2248 rei
768 2187 852 2248 ratio
868 2185 986 2247 festine
1002 2187 1213 2266 cognoscitur
1229 2187 1255 2247 si
1277 2188 1348 2268 ipsa
1371 2206 1435 2267 quc
1459 2197 1538 2248 tunc

327 2275 439 2334 inerat
461 2293 561 2335 causa
584 2283 748 2355 pensetur.
794 2271 885 2353 Quid
908 2273 997 2334 enim
1024 2292 1114 2334 mare
1139 2274 1200 2333 nisi
1229 2293 1363 2354 presens
1390 2273 1536 2335 seculum

325 2359 486 2440 designat
501 2359 592 2440 quod
608 2381 643 2422 se
659 2379 833 2421 causarum
850 2359 1046 2422 tumultibus
1062 2369 1096 2421 et
1111 2359 1208 2421 vndis
1228 2361 1294 2422 vite
1317 2360 1543 2441 corruptibilis

326 2445 451 2510 illidit.³

876 2582 998 2646 Oratio.

408 2695 478 2757 Eus
516 2695 573 2775 qui
611 2715 672 2757 nos
710 2695 955 2758 resurrectionis
994 2695 1159 2756 dominice
1197 2715 1308 2757 annua
1339 2696 1538 2759 solennitate

421 2780 567 2859 letificas,
597 2784 743 2844 concede
774 2783 954 2864 propitius:
986 2792 1022 2844 vt
1049 2802 1107 2863 per
1132 2782 1329 2863 temporalia
1359 2782 1443 2844 festa
1473 2802 1539 2863 que

323 2870 460 2950 agimus
476 2869 648 2950 peruenire
665 2869 706 2930 ad
724 2870 846 2950 gaudia
861 2879 975 2930 eterna
992 2888 1185 2931 mereamur.
1231 2867 1311 2950 per.⁶

481 3012 515 3081 (Ι
537 3006 767 3088 Fm’aquinta
782 3006 947 3068 dractona
962 3026 1001 3067 ex
1018 3003 1154 3069 Genesi]
1169 3005 1258 3068 lectio
1265 3006 1388 3087 prima.

404 3117 544 3181 Scendit
558 3127 670 3181 autem
689 3119 784 3181 Isaac
807 3139 850 3180 ex
876 3117 932 3180 illo
956 3117 1030 3180 loco
1055 3119 1087 3179 in
1113 3117 1277 3180 Bersabee
1350 3137 1415 3198 que
1438 3118 1537 3180 ambe

417 3204 627 3268 offenderant
643 3205 791 3268 animum
813 3205 906 3266 lsaac
922 3213 956 3267 et
974 3205 1134 3268 Rebecce.

611 3348 644 3418 ΙΙ
669 3341 853 3406 Secundum
869 3339 1046 3404 loannemss
1090 3339 1197 3401 Lectto
1213 3340 1254 3420 .ῂῖ

400 3454 455 3516 Na
469 3464 581 3517 autem
598 3455 728 3517 sabbati
748 3454 854 3516 Maria
873 3453 1074 3536 lllagdalene
1090 3454 1181 3514 venit
1203 3472 1300 3514 mane
1375 3453 1453 3533 quia
1469 3454 1536 3515 vidi

412 3540 586 3604 dominum
603 3550 636 3603 et
652 3543 712 3604 hec
728 3541 816 3604 dixit
832 3540 922 3602 mihi.

602 3683 636 3752 (Ι
664 3676 695 3738 T
690 3677 776 3739 ertia
791 3677 879 3739 lectio
894 3676 1069 3738 secundum
1085 3675 1281 3737 Ioanneml·

335 3788 656 3938 muz-tempore
675 3788 781 3849 Maria
806 3788 918 3850 stabat
943 3789 985 3849 ad
1014 3796 1269 3850 monumentum
1289 3787 1367 3849 soris
1392 3788 1535 3869 plorans.

447 3896 481 3937 re
495 3895 579 3956 iqua.

662 4010 813 4074 Homilt'a
828 4010 936 4074 sancti
951 4009 1198 4092 Gregorrjpcpoc.

335 4123 387 4250 Ὣ-
419 4123 500 4185 Aria
528 4122 730 4204 Magdalene
756 4142 822 4203 que
841 4123 947 4186 fuerat
972 4123 1005 4184 in
1024 4123 1169 4186 Ciuitate
1194 4123 1374 4204 peccatrix,
1390 4123 1537 4185 amando

336 4172 355 4250 l
432 4211 606 4273 veritatem
625 4211 706 4273 lauit
722 4209 901 4290 lachrymis
922 4211 1067 4273 maculas
1084 4211 1238 4285 criminis,
1254 4220 1287 4273 et
1303 4230 1370 4271 vox
1388 4209 1535 4272 veritatis

328 4297 485 4378 impletur
498 4295 590 4377 que¹⁰
604 4297 732 4361 dicitur.
778 4296 926 4373 Dimissa
949 4308 1026 4360 sunt
1042 4298 1071 4358 ei
1088 4307 1224 4378 peccata
1247 4297 1361 4372 multa,
1377 4298 1534 4377 quoniam

328 4382 447 4446 dilexit
469 4383 633 4446 multum:
656 4403 722 4464 que
746 4385 835 4446 enim
862 4383 981 4465 frigida
1008 4385 1099 4464 prius
1126 4382 1296 4465 peccando
1323 4393 1540 4459 remanserat,

375 4540 384 4571 ¹
401 4542 566 4591 telonarium:
584 4554 624 4603 41.
638 4555 678 4605 43.
692 4542 732 4590 61.
948 4540 959 4569 ²
976 4543 1084 4590 recedit:
1102 4542 1141 4591 66.

374 4606 386 4635 ³
402 4605 565 4672 implificant:
583 4619 622 4670 39.
947 4605 956 4635 ⁴
973 4607 1032 4670 qui:
1051 4619 1089 4668 39.
1105 4619 1151 4655 etc.

376 4670 387 4701 ⁸
403 4673 440 4722 Te
453 4673 553 4722 Deum:
571 4674 627 4722 add.
641 4672 680 4736 63.
946 4670 957 4699 ⁵
974 4672 1099 4720 eundem:
1118 4673 1173 4720 add.
1189 4686 1228 4733 44.
1242 4684 1283 4733 49.
1298 4671 1337 4721 60.
1352 4671 1392 4720 61.
1406 4672 1447 4733 64.

374 4735 595 4853 {utun}
874 4736 1320 4866 ··133430351²el21['‘'‘·¹·¹⁸·³
