3992 5759
815 765 1048 815 PREFATORV
1070 764 1184 813 ΝΟΤΕ.

610 983 665 1046 43·

460 1092 661 1156 Breviarivm
682 1091 687 1177 Ι
709 1094 900 1157 Romanurn
916 1114 961 1157 ex
978 1115 1071 1158 sacra
1095 1094 1226 1177 potissi·
1245 1090 1251 1177 Ι
1271 1113 1362 1156 mvm
1386 1092 1556 1173 scriptura,
1570 1102 1605 1154 et

392 1205 541 1285 probatis
561 1202 567 1288 Ι
586 1217 779 1268 sanctorum
805 1204 965 1286 Historijs
995 1226 1101 1289 nuper
1124 1206 1323 1281 conlectum,
1346 1224 1385 1266 ac
1412 1203 1523 1266 denuo
1547 1223 1606 1285 per

389 1335 473 1377 eun·
492 1314 497 1398 Ι
517 1317 595 1379 dem
612 1317 799 1380 Authorem
816 1319 1004 1380 accuratius
1019 1320 1236 1400 recognitum,
1251 1336 1358 1398 eaque
1373 1315 1446 1378 dili·
1465 1312 1470 1398 Ι
1491 1315 1605 1396 gentia

393 1427 505 1489 hocin
528 1448 619 1491 anno
642 1428 662 1490 a
686 1429 816 1491 mendis
840 1429 886 1491 ita
917 1440 1105 1510 purgatum,
1124 1426 1130 1513 Ι
1149 1440 1185 1492 vt
1218 1429 1324 1491 Momi
1354 1427 1512 1490 iudicium
1536 1446 1603 1488 non

393 1540 615 1620 pertimescat
635 1538 640 1624 Ι

906 1751 998 1815 loan.
1015 1751 1055 1813 V.
1076 1748 1082 1835 Ι

460 1885 660 1949 Scrutamini
677 1889 879 1969 scripturas:
902 1888 1062 1968 quoniam
1086 1885 1153 1950 illae
1174 1898 1260 1963 sunt,
1275 1906 1352 1968 quae
1375 1884 1603 1949 testimonium

392 1998 569 2078 perhibent
584 1998 627 2061 de
643 2018 705 2062 me.
724 1996 730 2082 Ι
1031 1991 1036 2002 ’

458 2108 505 2191 [Α
523 2110 677 2173 woodcut
691 2110 731 2173 ol
750 2110 893 2174 Samson
909 2111 989 2173 with
1012 2111 1070 2174 the
1092 2123 1187 2192 gates
1210 2110 1249 2174 os
1267 2109 1368 2186 Gaza,
1384 2110 1523 2191 bearing
1537 2107 1604 2170 this

397 2220 538 2303 legend:
578 2222 782 2286 Libertatem
815 2243 924 2285 meam
957 2243 1087 2285 mecum
1120 2234 1226 2305 porte,
1254 2223 1390 2303 coming
1419 2232 1479 2284 out
1515 2218 1554 2281 ol
1585 2240 1607 2282 a

395 2334 603 2396 renaissanoe
618 2346 772 2416 gateway
786 2355 830 2397 on
847 2334 904 2398 the
929 2335 1101 2416 pediment
1124 2334 1164 2397 ol
1184 2334 1292 2397 which
1319 2335 1367 2396 is:
1393 2332 1606 2408 Aetemitati‚

393 2444 626 2525 immediately
674 2446 780 2508 below
818 2467 838 2507 a
876 2445 1016 2509 roundel
1064 2445 1104 2508 os
1147 2446 1249 2508 lanus
1294 2442 1498 2507 surrounded
1537 2444 1605 2523 by:

397 2556 585 2620 Recondita
601 2557 737 2640 pando]
821 2544 828 2561 '

461 2667 546 2732 Cvm
557 2668 729 2750 privilegio
748 2664 754 2752 Ι
774 2668 906 2733 Summi
919 2668 1138 2746 Pontificis,&
1150 2669 1252 2751 Regis
1265 2667 1394 2732 Galliae.
1414 2665 1419 2751 Ι
1440 2667 1607 2749 Lugduni.

414 2777 420 2863 Ι
443 2780 534 2844 MD.
550 2781 632 2844 xliii.

464 2915 643 2996 Colophon:
674 2916 842 3000 Lugduni,
862 2916 868 3002 Ι
885 2918 1077 2981 excudebat
1108 2918 1284 2982 Baltazard
1305 2915 1310 3003 Ι
1332 2916 1528 2993 Amoullea
1541 2935 1608 2978 vna

392 3045 474 3088 curn
490 3025 687 3090 haeredibus
705 3026 711 3112 Ι
734 3028 870 3090 loannis
887 3028 1045 3093 Barbous.
1065 3027 1070 3112 Ι
1092 3029 1184 3093 MD.
1199 3030 1292 3094 xliiii

1513 3176 1561 3242 4⁰.

509 3447 511 3450 ⁴
613 3439 667 3498 44

468 3548 670 3612 Breviarivm
691 3549 697 3633 Ι
717 3550 910 3613 Romanum
939 3572 985 3614 ex
1016 3572 1109 3614 sacra
1133 3553 1345 3635 potissimum
1368 3552 1530 3633 scriptura
1549 3548 1555 3634 Ι
1576 3548 1606 3612 8ι

398 3660 547 3743 probatis
578 3660 779 3726 Sanctorum
803 3662 949 3744 historijs
975 3684 1081 3745 nuper
1098 3661 1104 3748 Ι
1124 3664 1321 3740 conlectum,
1347 3683 1386 3726 ac
1411 3661 1524 3726 denuo
1550 3682 1610 3744 per

396 3772 542 3835 eundern
564 3775 570 3854 Ι
588 3785 758 3837 auctorem
773 3776 959 3838 accuratius
977 3773 983 3859 Ι
1005 3777 1219 3857 recognitum.
1237 3773 1243 3860 Ι

465 3883 513 3966 [Α
525 3885 662 3948 roundel
673 3886 753 3949 with
768 3907 859 3949 cross
868 3886 994 3970 having
1004 3886 1091 3950 skull
1103 3900 1139 3951 at
1149 3887 1219 3951 soot
1227 3889 1295 3951 and
1305 3885 1490 3969 Jerusalem
1506 3886 1540 3947 in
1551 3886 1609 3948 the

396 3993 641 4080 background]

467 4108 667 4172 Scrutamini
684 4109 872 4192 scripturas,
886 4111 1046 4192 quoniam
1069 4110 1135 4173 illae
1157 4121 1245 4188 sunt,
1259 4131 1335 4192 quae
1353 4118 1359 4187 Ι
1379 4110 1607 4174 testimonium

399 4220 575 4302 perhibent
591 4221 633 4284 de
649 4242 711 4286 me.
759 4215 850 4287 loan.
865 4220 920 4307 ν.Ι

466 4355 551 4421 cm
575 4358 747 4441 privilegio
771 4318 901 4423 svmmi
922 4359 929 4444 Ι
948 4359 1118 4423 pontificis
1133 4410 1141 4424 .
1156 4371 1190 4423 et
1215 4360 1318 4443 Regis
1342 4359 1470 4424 Gaura
1489 4357 1495 4443 ι
1517 4359 1610 4422 un.

399 4467 521 4553 xliiii!

469 4605 650 4688 Colophon:
674 4607 842 4689 Lugduni,
868 4606 874 4692 Ι
906 4607 1107 4672 Excvdebat
1138 4606 1144 4692 Ι
1174 4608 1390 4672 Theobaldvs
1419 4606 1610 4693 lPaganvs.

1506 4715 1566 4783 16⁰.
