3992 5759
850 1522 884 1593 ([
907 1515 1147 1582 OFFICIUM

884 1692 1117 1771 defunctorum.

461 1820 496 1891 (I
520 1815 694 1879 Sciendum
725 1816 814 1896 qnod
840 1815 977 1897 officium
1008 1816 1231 1895 defunctorum
1261 1814 1385 1877 dicitur
1413 1824 1541 1876 tantum
1568 1814 1604 1876 in

395 1903 537 1963 crastino
551 1903 696 1964 omnium
711 1912 906 1978 sanctorum,
921 1913 953 1964 et
978 1903 1014 1963 in
1041 1903 1235 1984 quibusdam
1259 1903 1358 1965 sentis
1372 1902 1475 1982 ferejs
1500 1901 1603 1982 quad·

398 1989 561 2070 ragesinec,
588 1987 635 2051 vt¹
661 1989 732 2050 suis
754 1989 831 2050 locis
853 1990 1039 2053 adnotatur.
1084 1989 1332 2052 Aduertendum
1347 1998 1454 2051 tamen
1469 1988 1558 2069 quod
1569 1988 1604 2049 in

396 2075 537 2137 crastino
566 2076 711 2137 omnium
743 2084 928 2137 sanctorum
958 2076 1115 2138 dicuntur
1141 2088 1267 2158 vespere
1292 2097 1363 2138 cum
1389 2075 1551 2137 nectutino
1574 2083 1606 2136 et

396 2161 556 2237 laudibus,
586 2171 623 2224 ut
652 2161 700 2223 ibi
727 2160 871 2238 uidebis,2
902 2163 937 2223 in
962 2163 1061 2225 sextis
1085 2173 1193 2226 autem
1214 2163 1318 2243 scrrjs
1346 2162 1504 2244 predictis
1540 2182 1602 2224 non

396 2248 552 2311 de'cuntur
564 2260 697 2330 vespere,
711 2250 771 2311 sed
783 2258 911 2310 tantum
928 2250 1128 2311 matutinum
1143 2270 1214 2312 cum
1229 2251 1299 2310 suis
1313 2249 1473 2312 laudibus,

459 2335 708 2411 {Notandum
730 2346 877 2416 preterea
905 2335 993 2416 quod
1019 2336 1191 2417 antiphone
1219 2336 1374 2398 dicuntur
1409 2336 1531 2417 integre
1568 2335 1604 2396 in

389 2422 554 2503 principio
569 2432 600 2483 et
614 2423 649 2484 in
657 2422 737 2503 fine,
752 2422 1023 2503 quemadmodum
1039 2423 1074 2484 in
1084 2423 1185 2502 sestis
1199 2421 1385 2504 duplicibus.
1492 2459 1493 2463 =

460 2515 493 2583 (Ι
526 2508 657 2590 Vespere
670 2509 818 2571 omnibus
832 2508 910 2589 alejs
929 2510 1151 2589 pretermissis
1174 2509 1314 2571 absolute
1338 2509 1542 2591 incipiuntur
1562 2506 1603 2570 ab

394 2595 572 2676 antiphona
587 2596 807 2677 infrascripta.

461 2681 657 2763 Antipleana.
702 2681 852 2746 Collocet
866 2702 924 2745 eos
940 2680 1096 2744 dominus
1112 2702 1187 2745 cum
1204 2681 1408 2765 principibus
1418 2681 1531 2764 populi
1542 2684 1601 2745 sui.

460 2768 587 2829 Deinde
601 2769 756 2830 dicuntur
769 2779 833 2830 tres
848 2767 1065 2849 infrascripte³
1072 2769 1219 2850 psalmi*

463 2853 576 2916 Dilexi
592 2857 764 2935 quoniam⁵
1484 2856 1534 2935 so.
1555 2855 1602 2919 16.

462 2940 519 3002 Ad
535 2941 708 3003 dominum
726 2963 801 3004 curn
819 2939 1005 3005 tribularer⁰
1483 2944 1534 3023 so.
1552 2958 1601 3022 33.

463 3027 515 3089 De
532 3027 704 3109 profundis
720 3026 875 3091 clamauit
1482 3029 1532 3109 fo.
1552 3042 1601 3108 57.

463 3112 588 3190 Quibus
602 3115 800 3197 adiungitur
811 3116 978 3178 canticum.
1028 3113 1223 3196 Magnificat
1491 3115 1555 3195 sal.
1571 3132 1600 3194 9.

459 3207 493 3275 (I
518 3200 693 3263 Sciendum
722 3212 770 3265 est
791 3212 900 3264 autem
926 3202 1016 3282 quod
1038 3202 1074 3264 in
1101 3199 1199 3282 effeto
1224 3203 1449 3282 defunctorum
1476 3203 1511 3265 in
1529 3202 1602 3283 fine

393 3287 561 3350 aecuslibct
590 3288 717 3369 psalmi
744 3289 866 3350 dicitur
893 3309 1014 3351 versus.
1061 3289 1224 3368 Requiem
1255 3299 1404 3353 eternam
1435 3288 1524 3352 dona
1554 3290 1601 3352 eis

393 3374 539 3438 domine.
583 3373 637 3447 R.⁸
661 3375 706 3437 Et
723 3375 780 3437 lux
798 3385 957 3457 perpetua
973 3375 1082 3438 luceat
1097 3377 1153 3437 eis

459 3461 571 3523 Finim
584 3462 704 3523 cantico
722 3460 917 3543 Magnificat
932 3463 1088 3542 repetitur
1098 3461 1274 3543 antiphona
1288 3462 1514 3544 suprascripta.

460 3547 587 3609 Deinde
601 3548 724 3610 dieitur
738 3549 834 3611 Pater
851 3558 969 3611 noster.
1024 3547 1148 3612 Versus.
1194 3548 1240 3610 Et
1255 3570 1297 3612 ne
1313 3570 1382 3613 nos.

462 3634 529 3697 Sed
546 3634 648 3697 libera
664 3655 725 3696 nos
741 3656 761 3697 a
777 3635 874 3698 ma10.

459 3723 498 3782 V.
523 3721 555 3782 A
573 3730 668 3802 porta
684 3721 787 3784 inseri.
831 3725 871 3794 R.
897 3721 985 3783 Erue
1001 3721 1136 3783 domine
1152 3723 1281 3784 animas
1303 3743 1427 3786 eorum.

467 3807 591 3871 Versus.
610 3807 756 3870 Domine
771 3809 895 3871 exaudi
911 3807 1109 3890 [orationem
1128 3807 1263 3889 meam}

461 3898 500 3965 bi.
518 3894 563 3956 Et
578 3895 704 3957 clamor
720 3915 813 3957 meus
829 3895 872 3957 ad
889 3906 921 3957 te
937 3896 1057 3957 veniat.

460 3981 576 4042 Postea
590 3981 747 4043 dicuntur
770 3991 834 4042 tres
857 3981 1065 4062 infrascripto
1090 3982 1248 4043 orationes
1270 3980 1330 4044 sub
1353 4003 1419 4044 vna
1445 3984 1599 4046 ternu'na·

391 4066 484 4130 te'one.

932 4191 1055 4254 Oratio.

470 4315 547 4390 Eus,
571 4316 627 4396 qui
645 4316 730 4377 inter
745 4316 946 4397 apostolicos
962 4316 1151 4379 sacerdotes
1168 4315 1310 4379 famulos
1326 4327 1401 4381 tuos
1417 4319 1598 4401 pontificali

489 4423 546 4464 seu
562 4402 756 4464 sacerdotali
775 4401 877 4464 fecisti
895 4402 1059 4484 dignitate
1082 4404 1202 4485 vigere,
1219 4414 1328 4485 presta
1351 4426 1540 4486 quesumus,
1564 4419 1600 4471 vt

389 4509 506 4551 eorum
522 4509 655 4569 quoque
671 4500 831 4570 perpetuo
847 4498 1070 4571 aggregentur
1085 4492 1259 4554 consortio,

439 4675 447 4706 ¹
465 4679 494 4726 in
504 4693 513 4725 .·
530 4675 585 4723 add
600 4672 639 4738 38.
881 4672 1039 4722 ‘²'nidcb1'tis:
1056 4673 1095 4738 38.
1338 4677 1350 4708 ⁸
1365 4694 1413 4729 om.
1428 4691 1466 4742 39.
1481 4694 1521 4741 41.

437 4742 447 4772 ⁴
464 4742 593 4792 eve'clclicct:
609 4741 665 4788 add.
680 4751 719 4802 39.
734 4753 773 4800 41.
880 4737 958 4799 ³[Ps.
976 4741 1043 4800 114]
1119 4757 1122 4760 ·
1336 4741 1348 4773 ⁸
1364 4744 1415 4804 [Ps.
1432 4746 1500 4808 119.]

436 4808 447 4842 ⁷
462 4813 516 4879 [Ps.
535 4806 604 4867 no]
881 4802 953 4854 ὅσα·
969 4816 1007 4868 3⁹·
1023 4817 1062 4866 41·

428 4896 460 4954 Β.
480 4900 513 4950 n.
534 4887 570 4938 N·
1400 4893 1418 4937 ²
1443 4890 1469 4938 D
