3992 5759
796 728 986 779 DOMINICA
1005 731 1229 781 PALMARUM.

668 937 700 1007 (I
723 931 754 994 T
750 931 834 994 ertrir
849 932 938 994 lectz'o
952 934 1125 995 secundum
1141 931 1349 997 Morbum}

441 1042 473 1105 N
497 1043 555 1106 illo
585 1054 736 1126 tempore
766 1063 841 1106 cum
868 1045 1170 1126 appropinquasset
1205 1045 1298 1107 lesus
1328 1045 1548 1128 lerosolymiS,
1571 1059 1605 1111 et

462 1131 608 1194 venisset
632 1131 807 1213 Betphage
829 1129 871 1192 ad
896 1142 1047 1194 montem
1072 1130 1206 1207 oliveti,
1228 1142 1308 1195 tunc
1332 1133 1422 1195 misit
1452 1134 1537 1197 duos
1559 1155 1604 1198 ex

396 1217 659 1384 ‹klitscrigpgiusasuis
682 1217 797 1279 dicens
819 1216 885 1280 eis:
913 1217 963 1281 lte
979 1218 1011 1279 in
1027 1217 1200 1282 castellum
1225 1219 1314 1299 quod
1339 1230 1455 1282 contra
1472 1241 1530 1283 vos
1546 1233 1604 1286 est.

683 1446 856 1529 Homclt'u's
870 1448 979 1511 sancti
991 1448 1022 1510 A
1028 1447 1164 1530 utbrosrj
1175 1449 1313 1531 episcopi.

458 1560 583 1623 Vlchre
627 1570 739 1623 autem
786 1559 906 1622 relictis
953 1560 1065 1623 Iudeis
1110 1560 1318 1624 habitaturus
1356 1562 1390 1624 in
1428 1562 1602 1628 affectibus

471 1648 642 1728 gentium:
666 1646 828 1728 templum
844 1647 999 1710 dominus
1023 1648 1181 1711 ascendit.
1228 1648 1304 1711 Hoc
1327 1650 1414 1712 enim
1439 1650 1601 1734 templum

393 1744 447 1796 est
463 1753 578 1797 verum
593 1757 600 1796 :
616 1734 649 1796 in
667 1753 734 1816 quo
751 1754 816 1796 non
834 1734 867 1795 in
881 1733 992 1796 litera:
1009 1734 1066 1797 sed
1084 1735 1117 1796 in
1134 1735 1249 1817 spiritu
1266 1736 1422 1798 dominus
1437 1738 1602 1803 adoratur.

401 1820 478 1883 Hoc
502 1819 566 1882 Dei
590 1822 752 1904 templum
776 1832 835 1892 est,
851 1821 941 1901 quod
958 1820 1035 1883 fidei
1059 1822 1158 1884 series
1175 1841 1241 1884 non
1266 1820 1414 1903 lapidum
1439 1834 1603 1888 structura

392 1907 556 1970 lundauit.
567 1908 774 1972 Deseruntur
783 1928 863 1991 ergo
873 1909 929 1990 qui
938 1908 1095 1970 adorant:
1108 1908 1274 1989 eliguntur
1282 1909 1339 1991 qui
1349 1911 1490 1972 amaturi
1501 1921 1604 1978 erant

397 1994 443 2056 Et
461 1993 537 2057 ideo
552 1993 595 2057 ad
619 2006 768 2057 montem
785 1995 876 2057 venit
900 1993 1035 2070 Oliueti,
1051 2004 1086 2057 vt
1110 1995 1258 2057 nouellas
1282 1997 1388 2059 oliuas
1412 1998 1444 2059 in
1467 1998 1602 2061 sublimi

394 2082 557 2144 virtutum
596 2081 778 2163 plantaret:
816 2101 955 2162 quarum
988 2093 1094 2144 mater
1123 2090 1173 2143 est
1213 2081 1267 2144 illa
1298 2102 1362 2164 que
1392 2103 1520 2146 sursum
1551 2097 1602 2148 est

398 2168 588 2231 Ierusalem.
637 2169 675 2231 ln
699 2167 761 2230 hoc
785 2178 899 2230 monte
922 2179 972 2230 est
996 2168 1049 2229 ille
1065 2169 1195 2231 celestis
1217 2170 1379 2250 agricola:
1402 2180 1437 2233 vt
1460 2171 1601 2253 plantati

395 2274 515 2317 omnes
545 2255 577 2317 in
601 2253 704 2317 domo
733 2253 870 2330 domini,
893 2255 1022 2337 possint
1045 2255 1077 2316 in
1102 2256 1241 2318 veritate
1272 2256 1380 2318 dicere
1412 2257 1487 2338 Ego
1517 2260 1602 2322 sicut

394 2342 499 2422 olyua
521 2340 715 2404 fructificaui
740 2343 772 2403 in
796 2342 898 2403 domo
921 2340 1057 2404 domini.
1104 2341 1149 2402 Et
1172 2343 1311 2405 fortasse
1335 2345 1404 2426 ipse
1428 2363 1523 2407 mons
1539 2344 1602 2409 lest

396 2426 572 2491 Christus.2
617 2428 703 2511 Quis
717 2429 805 2490 enim
823 2428 908 2490 alius
924 2427 1007 2490 tales
1023 2426 1148 2489 fructus
1165 2428 1261 2492 serret
1276 2429 1423 2492 olearum
1441 2452 1508 2494 non
1523 2452 1601 2495 con·

397 2514 618 2577 uescentium³
669 2514 819 2577 vbertate
863 2515 1060 2577 baccarum:
1105 2514 1164 2578 sed
1209 2516 1344 2598 spiritus
1396 2517 1602 2600 plenitudine

395 2602 547 2683 gentium
579 2601 818 2665 fecundarum?
850 2601 926 2683 lpse
955 2611 1006 2664 est
1036 2622 1095 2683 per
1123 2622 1223 2683 quem
1254 2604 1465 2666 ascendimus
1494 2615 1528 2668 et
1557 2607 1601 2669 ad

395 2708 498 2771 quem
522 2689 753 2751 ascendimus:
778 2688 848 2768 ipse
870 2698 921 2750 est
945 2688 1053 2763 ianua,
1069 2689 1138 2770 ipse
1161 2700 1211 2751 est
1235 2689 1297 2766 via,
1319 2691 1376 2772 qui
1399 2692 1546 2773 aperitur
1568 2704 1601 2756 et

394 2775 453 2857 qui
477 2776 592 2858 aperit,
614 2776 670 2856 qui
695 2775 844 2857 pulsatur
865 2776 909 2837 ab
936 2774 1197 2856 ingredientibus
1227 2787 1261 2838 et
1283 2776 1327 2839 ab
1356 2778 1601 2859 egredientibus

394 2863 561 2924 adoratur.
623 2862 714 2943 Ergo
744 2863 777 2924 in
807 2861 944 2923 castello
973 2872 1044 2923 erat
1071 2871 1104 2924 et
1134 2861 1255 2943 ligatus
1284 2872 1355 2925 erat
1385 2864 1494 2946 pullus
1524 2887 1600 2929 cum

394 2950 491 3011 asina
511 2967 577 3011 non
602 2959 731 3031 poterat
754 2947 838 3010 solui
862 2949 923 3010 nisi
947 2949 1036 3010 iussu
1061 2949 1196 3012 domini.
1251 2949 1359 3013 Soluit
1382 2971 1457 3014 eum
1484 2972 1602 3016 manus

393 3035 589 3118 apostolica,
612 3036 688 3098 talis
718 3046 821 3110 actus,
843 3034 920 3097 talis
948 3036 1037 3097 vita:
1068 3035 1144 3097 talis
1173 3037 1286 3117 gratia
1335 3037 1418 3099 Esto
1449 3040 1537 3101 talis⁴
1566 3050 1602 3102 vt

395 3123 504 3205 possis
527 3123 647 3204 ligatos
670 3123 806 3185 soluere,
867 3122 965 3184 Nunc
988 3122 1236 3185 consideremus
1259 3125 1314 3204 qui
1332 3124 1464 3187 suerunt
1481 3125 1526 3187 illi
1544 3129 1599 3208 qui

394 3229 505 3272 errore
519 3212 651 3273 detecto
661 3210 703 3272 de
719 3209 873 3292 paradiso
888 3209 983 3271 eiecti
997 3210 1029 3271 in
1044 3208 1182 3271 castello
1193 3210 1259 3272 sint
1273 3210 1410 3292 religati.
1457 3212 1601 3275 Etvide-

394 3296 506 3359 bimus
518 3296 802 3377 quemadmodum
819 3315 903 3375 quos
920 3315 1008 3358 mors
1018 3296 1198 3378 expulerat.
1211 3298 1280 3358 vita
1297 3300 1508 3361 reuocauerit.
1556 3300 1601 3363 Et

395 3384 473 3445 ideo
488 3384 669 3445 secundum
688 3382 878 3445 Mattheum
895 3394 928 3445 et
944 3383 1071 3444 asinam
1088 3394 1122 3444 et
1138 3381 1264 3464 pullum
1289 3383 1447 3465 legimus:
1471 3396 1507 3448 vt
1523 3388 1602 3468 quia

394 3471 428 3531 in
460 3469 590 3532 duobus
621 3470 811 3532 hominibus
840 3479 979 3550 vterque
1010 3467 1116 3531 suerat
1146 3489 1249 3531 sexus
1279 3471 1449 3553 expulsus,
1472 3473 1601 3536 duobus

393 3556 607 3619 animalibus⁵
622 3567 758 3637 vterque
775 3553 968 3618 reuocetur.⁰

774 3722 808 3792 (I
823 3716 886 3778 Ad
896 3716 1008 3777 lczudcs
1022 3716 1220 3797 Antiphonti.

462 3830 556 3892 Pueri
595 3829 791 3892 hebreorum
823 3827 978 3891 tollentes
1016 3848 1125 3890 ramos
1163 3826 1340 3908 olyuarum
1380 3829 1601 3895 obuiauerunt

392 3918 532 3980 domino
547 3916 739 3992 clamantes,
756 3926 789 3977 et
804 3916 961 3989 dicentes,
977 3913 1116 3978 Osanna
1133 3914 1165 3976 in
1182 3915 1332 3978 excelsis,

941 4050 1063 4115 Oratio.

471 4159 663 4239 Mnipotens
708 4156 908 4238 sempiterne
954 4155 1045 4230 deun,
1089 4155 1146 4236 qui
1191 4154 1339 4217 humano
1392 4159 1504 4235 generi
1556 4161 1599 4222 ad

497 4240 709 4307 imitandum7
746 4242 942 4304 humilitatis
979 4241 1172 4318 exemplum
1211 4240 1409 4305 saluatorem
1449 4255 1600 4310 nostrum

393 4351 527 4394 carnem
544 4351 682 4406 sumere,
698 4339 732 4391 et
747 4348 876 4392 crucem
893 4327 1002 4390 subire
1018 4329 1123 4390 fecisti
1147 4328 1293 4390 concede
1317 4332 1484 4412 propitus:
1508 4342 1543 4395 vt
1566 4347 1600 4395 et

392 4418 552 4501 patientie
574 4417 676 4498 ipsius
707 4416 828 4478 habere
858 4416 1061 4478 documenta
1092 4424 1125 4477 et
1157 4417 1403 4479 resurrectionis
1434 4420 1600 4482 consortia

393 4524 586 4568 mereamur.
635 4504 696 4566 Per
711 4504 862 4566 eundem.

441 4656 448 4687 ¹
466 4657 512 4708 Ca.
528 4669 567 4705 21.
582 4657 611 4704 in
623 4672 656 4705 m.
1044 4652 1098 4691 ²-2
1114 4653 1229 4704 Christus
1240 4665 1295 4705 est:
1313 4655 1352 4704 61.
1367 4656 1406 4718 64.

439 4721 450 4751 ³
466 4721 680 4772 cumescentium:
699 4721 738 4769 61.
754 4720 793 4784 63.
808 4720 848 4780 64
1048 4719 1058 4749 ⁴
1074 4728 1099 4769 et
1111 4729 1155 4769 tu:
1173 4722 1228 4769 add.
1243 4721 1283 4770 61.
1298 4722 1336 4781 64

440 4786 451 4817 ⁵
467 4786 615 4837 animabus:
633 4787 672 4835 61.
831 4783 843 4815 ⁶
861 4785 988 4835 Miserere.
1005 4796 1043 4848 50.
1058 4787 1113 4834 add.
1128 4785 1167 4849 63.
1325 4786 1335 4818 ⁷
1352 4787 1524 4839 inuitandum:
1543 4789 1583 4853 38.
