3992 5759
907 755 1076 806 LITANIA.
1552 769 1600 822 397

462 903 586 968 Sancta
602 906 740 988 Agatha
1530 932 1598 977 ora.

460 989 584 1055 Sancta
600 991 792 1057 Catherinal
1531 1019 1600 1065 ora

460 1077 589 1142 Omnes
603 1090 718 1144 sancte
733 1081 886 1163 virgines,
905 1091 939 1145 et
954 1081 1062 1159 vidue,
1077 1091 1169 1146 orate
1185 1103 1246 1165 pro
1261 1084 1366 1147 nobis.

460 1164 588 1228 Omnes
604 1168 709 1230 sancti
725 1177 758 1230 et
774 1178 888 1231 sancte
904 1169 958 1232 dei
974 1168 1168 1233 intercedite
1184 1190 1244 1252 pro
1267 1170 1371 1234 nobis.

459 1253 626 1334 Propitius
640 1263 712 1317 esto
728 1274 826 1336 parce
841 1255 938 1318 nobis
952 1256 1097 1320 domine.

460 1339 625 1422 Propitius
640 1351 721 1418 esto,
736 1340 860 1405 exaudi
877 1363 938 1405 nos
953 1343 1097 1406 domine.

459 1426 518 1489 Ab
532 1429 624 1490 omni
642 1426 739 1504 malo,
756 1427 857 1491 libera
874 1449 935 1492 nos
951 1428 1095 1493 domine.

459 1513 517 1575 Ab
532 1515 623 1576 omni
640 1524 777 1597 peccato
793 1514 895 1578 libera
911 1536 972 1578 nos
987 1516 1131 1580 domine.

459 1599 517 1663 Ab
532 1602 580 1663 ira
595 1610 661 1678 tua,
677 1601 780 1664 libera
796 1622 857 1664 nos
872 1601 1016 1666 domine.

458 1687 492 1749 A
509 1687 682 1750 subitanea
696 1697 731 1750 et
746 1689 926 1770 improuisa
943 1698 1058 1766 morte,
1073 1688 1175 1753 libera
1192 1710 1252 1752 nos
1267 1690 1411 1755 domine.

458 1773 517 1836 Ab
532 1774 660 1855 insidijs
675 1774 808 1852 diaboli,
825 1774 926 1839 libera
942 1797 1004 1838 nos
1020 1776 1163 1839 domine.

458 1860 517 1923 Ab
532 1862 589 1935 ira,
604 1872 638 1924 et
653 1861 740 1937 odio,
756 1872 790 1924 et
805 1863 896 1925 omni
914 1864 1002 1925 mala
1017 1862 1198 1940 voluntate,
1214 1862 1316 1926 libera
1332 1884 1393 1926 nos
1408 1864 1553 1929 domine.

460 1948 494 2011 A
510 1949 626 2030 spiritu
644 1948 878 2025 somicationis,
895 1948 997 2012 libera
1013 1970 1075 2012 nos
1089 1948 1233 2014 domine.

458 2035 491 2097 A
508 2034 645 2116 fulgure,
660 2044 693 2097 et
709 2044 917 2118 tempestate,
932 2036 1035 2100 libera
1050 2057 1111 2099 nos
1126 2037 1269 2100 domine.

459 2121 492 2183 A
510 2131 616 2184 morte
632 2131 791 2204 perpetua
806 2122 909 2186 libera
925 2144 986 2185 nos
1002 2122 1146 2186 domine.

460 2209 520 2270 Per
536 2210 729 2288 mysterium
747 2219 860 2272 sancte
876 2210 1112 2273 incarnationis
1127 2220 1192 2285 tue,
1208 2210 1310 2273 libera
1325 2230 1386 2274 nos
1401 2210 1543 2274 domine.

459 2294 521 2357 Per
536 2295 719 2358 aduentum
735 2305 841 2372 tuum,
856 2296 958 2359 libera
975 2316 1036 2359 nos
1052 2296 1194 2359 domine.

459 2382 520 2444 Per
536 2383 745 2445 natiuitatem
762 2393 864 2459 tuam,
880 2382 983 2447 libera
998 2403 1060 2446 nos
1075 2382 1219 2446 domine.

459 2468 521 2530 Per
536 2468 740 2550 baptismum
753 2479 787 2531 et
800 2478 952 2532 sanctum
969 2471 1126 2532 ieiunium
1140 2479 1245 2547 tuum,
1260 2469 1362 2534 libera
1378 2491 1439 2535 nos
1451 2470 1595 2536 domine.

459 2556 521 2617 Per
536 2576 665 2618 crucem
682 2565 716 2618 et
732 2558 920 2638 passionem
938 2566 1040 2632 tuam,
1056 2556 1157 2619 libera
1173 2577 1234 2619 nos
1249 2557 1393 2621 domine.

459 2642 520 2704 Per
536 2652 686 2719 mortem,
701 2651 734 2705 et
750 2643 952 2724 sepulturam
970 2652 1062 2706 tuam
1079 2642 1180 2706 libera
1196 2664 1257 2706 nos
1279 2642 1423 2709 domine.

459 2728 521 2791 Per
536 2739 685 2791 sanctam
703 2731 971 2792 resurrectionem
989 2739 1091 2806 tuam,
1107 2730 1209 2793 libera
1225 2751 1286 2793 nos
1301 2730 1444 2794 domine.

460 2815 523 2878 Per
537 2816 767 2879 admirabilem
784 2817 1012 2879 ascensionem
1030 2826 1132 2893 tuam,
1148 2816 1251 2879 libera
1266 2837 1327 2879 nos
1343 2816 1487 2883 domine.

459 2902 521 2965 Per
536 2903 717 2966 aduentum
735 2905 868 2985 spiritus
883 2904 987 2966 sancti
1005 2903 1171 2985 paracleti,
1186 2903 1288 2966 libera
1305 2924 1365 2966 nos
1387 2903 1531 2968 domine.

461 2989 499 3051 ln
516 2990 570 3052 die
587 2989 707 3070 iudicij,
723 2988 824 3052 libera
841 3010 902 3052 nos
917 2990 1061 3053 domine.

459 3076 661 3151 Peccatores
677 3086 709 3139 te
726 3096 882 3157 rogamus
897 3075 975 3139 audi
992 3096 1061 3139 nos

459 3162 508 3224 Vt
524 3163 620 3225 nobis
636 3183 760 3244 parcas,
777 3173 809 3225 te
825 3183 982 3245 rogamus
997 3163 1076 3225 audi
1093 3183 1162 3226 nos.

459 3249 508 3311 Vt
523 3249 618 3311 nobis
634 3249 815 3330 indulgeas
830 3260 864 3312 te
880 3270 1038 3331 rogamus
1053 3248 1131 3312 audi
1147 3270 1216 3313 nos.

459 3336 508 3398 Vt
523 3334 565 3398 ad
581 3356 694 3398 veram
711 3338 928 3417 penitentiam
946 3356 1007 3398 nos
1022 3335 1201 3419 perducere
1216 3335 1370 3418 digneris,
1385 3347 1418 3400 te
1441 3357 1598 3419 rogamus

392 3422 470 3486 audi
486 3442 555 3486 nos.

459 3510 506 3572 Vt
522 3508 694 3572 ecclesiam
711 3519 802 3572 tuam
820 3519 970 3574 sanctam
988 3530 1109 3592 regere,
1124 3519 1158 3573 et
1178 3530 1373 3573 conseruare
1395 3509 1549 3592 digneris,
1564 3520 1598 3574 te

393 3616 549 3679 rogamus
563 3597 642 3658 audi
659 3616 728 3659 nos.

458 3682 506 3746 Vt
532 3681 708 3745 domnum²
737 3682 967 3764 apostolicum,
996 3691 1031 3746 et
1060 3703 1179 3746 omnes
1204 3681 1442 3747 ecclesiasticos
1465 3682 1598 3747 ordines

393 3770 425 3832 in
442 3779 558 3832 sancta
574 3770 731 3850 religione
747 3790 941 3832 conseruare
957 3770 1112 3852 digneris,
1127 3780 1160 3832 te
1176 3789 1332 3851 rogamus
1347 3769 1424 3833 audi
1440 3791 1509 3833 nos

459 3856 508 3918 Vt
532 3857 683 3918 inimicos
707 3867 821 3918 sancte
843 3856 981 3919 ecclesie
1006 3855 1179 3919 humiliare
1202 3854 1355 3938 digneris,
1382 3866 1414 3920 te
1441 3878 1598 3940 rogamus

392 3943 470 4006 audi
494 3964 562 4005 nos.

458 4029 506 4091 Vt
522 4029 653 4111 regibus
668 4038 701 4091 et
718 4029 922 4111 principibus
945 4028 1142 4092 Christianis
1169 4048 1295 4112 pacem,
1318 4039 1352 4092 et
1379 4050 1491 4094 veram
1519 4052 1597 4094 con·

392 4116 538 4178 cordiam
555 4114 705 4197 dignare³
720 4114 874 4195 digneris
889 4125 922 4178 te
938 4135 1094 4196 rogamus
1109 4115 1187 4177 audi
1203 4136 1272 4180 nos

458 4203 507 4265 Vt
544 4212 664 4265 cuncto
702 4202 828 4284 populo
862 4201 1054 4265 Christiano
1084 4222 1200 4284 pacem
1231 4212 1265 4265 et
1294 4204 1456 4267 vnitatem
1488 4203 1598 4286 largiri

392 4290 547 4373 digneris,
562 4297 595 4350 te
610 4308 766 4370 rogamus
780 4289 858 4351 audi
875 4309 945 4352 nos

456 4376 503 4439 Vt
519 4377 740 4457 nosmetipsos
753 4376 785 4438 in
802 4384 860 4438 tuo
876 4385 992 4437 sancto
1008 4375 1142 4438 seruitio
1153 4374 1339 4438 confortare
1355 4384 1388 4439 et
1403 4396 1598 4441 conseruare

391 4463 546 4546 digneris.
562 4471 595 4524 te
610 4482 767 4545 rogamus
782 4462 860 4524 audi
876 4482 945 4525 nos

620 4687 628 4718 ¹
650 4689 721 4738 Thus
731 4691 783 4738 also
794 4687 833 4753 38.
870 4689 1024 4739 Catharina:
1042 4701 1081 4753 39.
1096 4697 1143 4739 eto

618 4751 630 4784 ²
646 4754 793 4804 dominum:
811 4765 851 4818 39.
865 4767 905 4818 43.
935 4755 1048 4805 donum:
1065 4769 1105 4817 44.
1120 4766 1159 4817 49.
1173 4751 1214 4804 60.
1228 4753 1268 4805 61.
1282 4753 1322 4817 64.
1336 4753 1377 4808 66.

621 4818 631 4850 ³
646 4820 758 4870 donarer
778 4831 818 4883 39
831 4827 880 4869 etc.
