3992 5759
499 713 620 763 SABBA
626 712 653 762 Τ
650 713 673 764 0
688 713 909 764 DOMINICAE
925 714 964 764 II.
983 714 1081 764 POST
1092 714 1378 768 PENTECOSTEM
1497 717 1545 783 183

402 951 439 1024 ί
459 946 561 1010 Fcn'a
576 949 630 1013 .ch
645 950 726 1030 ¹post
739 949 906 1099 octouotZ
913 950 1052 1049 &wis
1070 947 1198 1024 antcll
1234 950 1335 1015 Liber
1346 953 1486 1016 exodus?

904 1046 966 1099 ctco
981 1058 1011 1100 o.

421 1139 472 1203 Ec
486 1150 565 1204 sunt
580 1142 717 1204 nomina
733 1141 874 1204 filiorum
893 1142 994 1204 lsrael
1012 1142 1069 1224 qui
1085 1142 1224 1225 ingressi
1235 1144 1355 1207 suntin
1369 1145 1543 1228 Egyptum

497 1227 658 1310 quicquid
674 1228 832 1303 seminini,
848 1238 1022 1292 reseruate.

597 1388 631 1458 (ἶ
654 1382 710 1444 Ex
722 1382 817 1444 Actis
831 1383 1080 1464 Apostolomm.³
1123 1383 1230 1447 Lectio
1245 1385 1289 1466 .ij.

342 1492 581 1625 AVdierunt
609 1504 721 1558 autem
752 1495 903 1577 apostoli,
932 1505 967 1557 et
998 1495 1114 1557 iratres
1140 1497 1196 1578 qui
1220 1507 1314 1559 erant
1337 1498 1370 1559 in
1397 1497 1544 1562 ludea...

427 1601 607 1645 conuersus
621 1593 672 1645 est
687 1580 731 1644 ad
746 1580 942 1645 dominum.⁴

612 1741 820 1818 (ISabbato.
865 1742 921 1804 Ex
934 1742 1068 1806 Exodo.⁶
1112 1743 1219 1806 Lectio
1233 1745 1263 1808 ,ιζ

343 1850 553 1985 EGressus
567 1865 618 1916 est
641 1865 717 1937 post
731 1854 800 1954 'hec
823 1856 873 1917 vir
894 1854 936 1918 de
959 1855 1062 1918 domo
1088 1855 1170 1919 Leui
1247 1857 1394 1938 Moyses,
1432 1857 1547 1922 dicens

425 1940 561 2020 quiade
575 1962 662 2023 aqua
678 1942 738 2004 tuh
754 1962 840 2005 eum.

644 2099 701 2162 Ex
713 2101 795 2162 actis
808 2100 1042 2181 apostolomm.⁰
1086 2100 1192 2163 Lectio
1207 2101 1250 2183 oj.

343 2168 543 2343 Piliuenit
557 2221 668 2275 autem
685 2232 794 2274 sermo
809 2213 851 2274 ad
867 2232 963 2276 aures
977 2212 1124 2289 ecclesie,
1146 2232 1212 2295 que
1235 2224 1306 2276 erat
1335 2215 1548 2299 lerosolymis

475 2297 518 2362 de
533 2300 623 2361 omni
640 2300 876 2381 expectatione
891 2299 997 2382 plebis
1015 2299 1216 2364 ludeorum!

388 2479 443 2520 ¹-¹
459 2485 489 2533 dc
500 2493 605 2534 octaua:
622 2485 662 2547 63
676 2485 716 2535 66.
990 2483 1002 2514 ²
1018 2484 1081 2550 Cap.
1099 2498 1108 2533 1
1123 2487 1197 2534 inm,
1212 2485 1239 2546 [i.
1257 2487 1341 2548 o—22]

388 2545 463 2600 'Ct-
480 2562 517 2598 11,
531 2551 561 2598 in
572 2567 605 2598 m.
619 2550 663 2610 [xi.
681 2551 764 2610 1-21.]

506 2663 517 2692 ⁴
533 2665 565 2712 Si
575 2666 603 2711 in
615 2663 736 2727 hacfm'a
748 2665 848 2712 nullum
859 2672 972 2712 occurrat
975 2664 1072 2728 festum
1075 2701 1083 2724 ,
1094 2665 1191 2712 dicitur
1199 2665 1279 2714 oratio
1289 2681 1398 2730 sequens.

389 2743 477 2796 &neti
488 2746 597 2794 nominis
608 2745 643 2794 tui
654 2745 764 2804 domine,
778 2746 891 2795 timorem
904 2746 1029 2810 pariteret
1039 2762 1150 2795 amorem
1163 2745 1201 2795 iac
1221 2762 1267 2796 nos
1283 2747 1376 2797 habere
1391 2759 1549 2824 perpetuum,

342 2808 538 2927 emt-n
550 2821 593 2858 tua
608 2811 787 2874 gubematione
806 2811 928 2871 destituis,
940 2828 1004 2876 quos
1021 2811 1047 2859 in
1065 2811 1190 2860 soliditate
1208 2821 1256 2860 tuae
1274 2812 1415 2862 dilectionis
1432 2813 1549 2867 instituis.

532 2875 780 2951 fffistssffi
1051 2940 1056 2950 .
1164 2941 1178 2952 „

391 2937 483 3005 ¹09.
498 2952 554 2989 zm
566 2957 599 2989 m.
614 2941 650 3000 [n.
668 2943 751 3002 1-10.]
994 2938 1006 2970 ⁰
1022 2940 1066 3001 [xi.
1081 2953 1186 2990 22-111.
1205 2942 1256 3003 11.]

464 3052 475 3086 ⁷
491 3056 524 3104 Si
533 3056 563 3104 in
574 3054 620 3102 hac
623 3054 696 3119 scria
706 3064 775 3104 sexta
787 3057 887 3105 nullum
899 3064 1011 3104 occurrat
1015 3055 1121 3119 festum,
1133 3056 1231 3104 dict'ttcr
1238 3058 1318 3105 oratio
1327 3073 1436 3122 sequens.

391 3133 478 3186 Sancti
497 3136 605 3184 nominis
624 3137 660 3184 tui
679 3136 788 3186 Domine
853 3137 993 3186 dilectionis
1012 3136 1126 3186 instituis
1171 3138 1217 3186 Per
1241 3138 1379 3189 dominum.
1407 3151 1454 3190 etc.
1494 3141 1551 3202 [See

342 3198 503 3263 duedadd.
517 3214 557 3262 49.
572 3201 611 3251 ⁶1.
626 3200 665 3261 ⁶4
