3992 5759
390 715 474 766 Sm.
494 715 549 777 η]
674 716 701 765 S.
721 717 777 765 MA
784 717 808 764 Τ
810 717 834 764 Τ
831 716 913 764 ΗΑΕ
916 715 961 766 US
976 716 1033 766 ΑΡ.
1069 716 1095 764 S.
1116 714 1340 766 litaturum&
1550 726 1598 778 333

394 867 630 1000 CYprianus
645 869 780 932 natione
797 868 914 949 Apher
928 868 1128 931 christianus
1143 868 1260 943 factus,
1274 887 1392 930 omnes
1408 888 1485 930 suas
1495 867 1596 930 facul-

473 966 560 1019 tates
570 956 769 1038 pauperibus
780 955 955 1030 distribuit,
972 955 1106 1018 Deinde
1123 957 1306 1037 presbyter,
1322 975 1383 1017 nec
1399 954 1506 1017 multo
1519 964 1596 1036 post

391 1043 570 1125 episeopus
593 1041 865 1124 Carthaginensis
888 1052 1018 1104 creatus
1035 1042 1176 1123 plurima
1191 1042 1379 1104 sanctitatis
1394 1041 1596 1104 documenta

392 1129 533 1211 prebuit,
563 1138 597 1191 et
633 1129 784 1191 doctrine
821 1128 996 1210 singularis
1036 1139 1255 1191 monumenta
1285 1129 1425 1210 posteris
1455 1127 1596 1209 reliquit.

394 1215 602 1298 Imperatore
614 1215 794 1278 Valeriano
804 1225 987 1290 accusatus,
996 1216 1088 1297 quod
1099 1215 1268 1279 Christum
1281 1214 1412 1291 coleret,
1422 1235 1442 1276 a
1454 1215 1597 1277 Paterno

393 1303 592 1384 proconsule
607 1322 683 1365 eum
700 1304 743 1365 ab
756 1303 908 1364 instituto
924 1302 1011 1365 flecti
1028 1322 1093 1364 non
1117 1313 1238 1384 posset,
1259 1304 1292 1365 in
1311 1302 1449 1364 exilium
1476 1303 1596 1364 missus

390 1398 452 1453 est.
498 1389 600 1451 Vnde
614 1387 777 1471 egressus¹
791 1389 988 1469 proconsule
999 1388 1167 1465 defunctu,
1177 1408 1305 1452 rursum
1322 1389 1412 1470 apud
1425 1388 1595 1453 Galerium

395 1475 596 1551 Maximum,
612 1477 669 1557 qui
686 1476 830 1538 Paterno
846 1487 1049 1538 successerat
1064 1487 1248 1551 accusatus,
1273 1475 1398 1538 inuicto
1423 1477 1536 1538 animo
1563 1476 1595 1537 in

391 1563 491 1625 vnius
513 1563 580 1625 veri
605 1562 668 1638 dei,
691 1562 880 1643 Christique
903 1561 1112 1625 confessione
1136 1582 1351 1643 perseuerans
1377 1562 1596 1625 obtruncatus

393 1651 556 1730 martyrio
571 1660 749 1713 coronatur
765 1649 865 1730 xviij.
882 1649 1039 1712 calendas
1055 1648 1220 1713 Octobris.

677 1809 849 1873 Mattheus
871 1811 1046 1892 Apostolus
1067 1810 1187 1892 driplex
1200 1811 1315 1874 triariis.

800 1923 831 1985 A
836 1923 862 1984 d
873 1935 1028 2004 arespcras
1068 1922 1191 1986 Oratio.

402 2036 539 2165 BEati
572 2035 730 2118 Apostoli
762 2044 795 2096 et
826 2036 1034 2134 euangeliste
1071 2035 1215 2098 hlatthei
1261 2035 1406 2098 Domine
1446 2035 1600 2134 precibus

481 2124 687 2198 adiuuemur,
702 2132 736 2184 vt
746 2122 837 2203 quod
849 2122 1052 2202 possrbihtas
1066 2137 1179 2185 nostra
1192 2143 1257 2184 non
1271 2123 1410 2196 obtinet,
1420 2127 1490 2185 eius
1502 2124 1598 2186 nobis

395 2211 632 2273 intercessione
647 2212 797 2272 donetur.
844 2229 909 2290 per.

843 2363 877 2433 (ἶ
897 2357 1005 2421 Lectio
1028 2357 1146 2422 tertio.2

403 2470 607 2603 ΜΑῑῖῑιε3
622 2472 678 2553 qui
695 2481 730 2533 et
746 2471 829 2533 Leui
845 2471 1019 2534 dicebatur
1035 2493 1078 2533 ex
1097 2472 1277 2554 publicano
1294 2471 1400 2534 factus
1424 2484 1475 2535 est
1500 2493 1597 2554 apos-

500 2560 588 2622 tolus
613 2559 701 2620 Nam
725 2577 802 2620 eum
829 2558 860 2619 in
879 2559 958 2620 vrbe
983 2557 1111 2621 Galilee
1137 2557 1339 2641 Capharnao
1363 2559 1407 2621 ad
1434 2559 1595 2622 telonium

395 2648 535 2721 sederet,
546 2646 594 2708 et*
605 2644 729 2707 christo
738 2642 958 2725 preteriuntel
969 2657 1107 2708 vocatus
1123 2646 1231 2726 ipsum
1248 2662 1299 2708 est
1315 2655 1484 2727 sequutus,
1495 2667 1595 2728 quem

396 2755 472 2797 cum
496 2732 665 2814 discipulis
688 2731 834 2813 hospitio
858 2733 1003 2813 suscepit
1028 2731 1107 2794 Post
1129 2733 1200 2794 eius
1221 2753 1299 2794 vero
1324 2734 1594 2796 resurrectionem

399 2821 571 2884 Mattheus
586 2822 666 2881 dum
684 2828 816 2900 pararet
837 2818 870 2879 in
888 2818 1083 2899 Ethiopiam
1101 2819 1262 2901 proficisci
1287 2820 1330 2881 ad
1355 2820 1594 2901 predicandum

396 2909 553 2991 gentibus
569 2905 632 2968 illis
647 2905 869 2987 euangelium,
885 2906 1002 2985 patria,
1018 2905 1081 2968 hoe
1097 2916 1156 2979 est,
1175 2906 1344 2969 Hebraica
1356 2906 1470 2989 lingua
1494 2928 1596 2969 euan-

398 2995 532 3077 gelium,
547 2993 638 3076 quod
655 2994 687 3055 in
719 2993 822 3056 ludea
851 2994 1089 3070 predieauerat,
1117 2993 1254 3075 scripsit.
1301 2993 1471 3057 Profectus
1496 2995 1597 3076 igitur

398 3084 432 3146 in
445 3081 650 3163 Ethiopiam,
664 3100 765 3162 quam
783 3080 988 3161 prouinciam
1012 3081 1120 3143 luerat
1145 3081 1289 3156 sortitus,
1305 3081 1440 3143 verbum
1467 3082 1593 3144 domini

397 3169 613 3251 sequentibus
643 3168 746 3248 signis
777 3166 936 3228 latissime
966 3166 1206 3229 disseminauit.
1253 3167 1299 3230 Et
1329 3169 1420 3249 regio
1451 3188 1596 3248 pueroe

398 3266 504 3320 morte
520 3257 563 3318 ad
580 3256 682 3317 vitam
699 3273 764 3334 ope
779 3253 892 3315 diuina
909 3265 1075 3328 reuocato,
1098 3273 1208 3332 regem
1233 3263 1362 3335 patrem
1388 3275 1463 3317 cum
1491 3276 1596 3318 vxore

398 3356 432 3407 et
440 3345 595 3405 uniuersa
606 3341 776 3423 prouincia
787 3338 829 3401 ad
840 3339 952 3401 christi
964 3339 1063 3403 fidem
1077 3341 1249 3402 conuertit.
1282 3341 1344 3405 Cui
1357 3342 1425 3422 regi
1438 3340 1596 3405 defuncto

397 3452 473 3494 cum
508 3430 667 3492 Hirtacus
696 3427 834 3509 quidam
866 3428 898 3488 in
933 3446 1036 3507 regno
1069 3429 1288 3502 successisset,
1321 3429 1457 3509 eiusque
1493 3428 1594 3492 filiam

400 3517 610 3600 Iphigeniam
646 3515 707 3577 sibi
742 3513 842 3576 vellet
878 3514 1093 3576 matrimonio
1128 3514 1285 3595 copulare
1318 3515 1498 3590 Mattheus
1528 3536 1596 3597 quo

397 3615 513 3669 autore
528 3603 752 3685 virginitatem
770 3600 826 3662 illa
836 3612 982 3676 uouerat,
995 3611 1030 3663 vt
1039 3602 1071 3662 in
1083 3611 1201 3663 sancto
1213 3602 1412 3683 virginitatis
1424 3605 1596 3684 proposito

397 3692 595 3776 persisteret,
610 3691 751 3751 eandem
769 3688 973 3750 hortabatur.
1022 3687 1140 3770 ltaque
1157 3689 1315 3769 virginem
1326 3699 1517 3752 constanter
1528 3690 1596 3752 suis

397 3780 484 3842 votis
499 3777 659 3840 obsistere
686 3774 917 3837 molestissime
943 3774 1051 3837 serens
1076 3775 1244 3851 Hirtacus,
1272 3776 1471 3851 Mattheum,
1495 3796 1594 3857 quem

396 3868 468 3929 eius
497 3863 624 3943 consilij
657 3872 807 3924 autorem
835 3881 906 3923 esse
936 3863 1071 3937 sciebat,
1101 3862 1144 3924 ad
1170 3862 1275 3925 altare
1300 3884 1393 3925 sacra
1419 3863 1594 3926 facientem

397 3951 512 4035 gladio
539 3950 671 4013 confodi
700 3948 801 4019 iussit,
828 3949 872 4011 Et
898 3949 943 4010 sic
969 3949 1111 4030 apostoli
1137 3963 1170 4011 et
1198 3951 1402 4030 euangeliste
1427 3951 1596 4030 martyris-

395 4059 460 4122 que
478 4057 635 4101 coronam
652 4038 793 4115 adeptus
810 4036 986 4112 mattheus,
1012 4035 1055 4098 ad
1080 4036 1238 4098 christum
1265 4037 1466 4117 beatamque
1491 4038 1595 4101 vitam

397 4126 553 4207 migrauit
568 4125 621 4188 .xi.
638 4122 795 4185 calendas
812 4120 978 4185 Octobris

569 4285 615 4347 M
612 4285 756 4347 aun'tius
770 4305 841 4345 curu
856 4284 949 4364 socrjs
964 4283 1145 4364 urnrtyres.⁵
1184 4283 1291 4347 Lectio
1306 4283 1425 4347 tertia.⁶

397 4399 527 4532 CVm
562 4397 790 4460 Maximianus
814 4396 995 4477 imperator
1018 4396 1213 4471 exercitum,
1228 4416 1327 4477 quem
1356 4397 1525 4479 ingentem
1553 4419 1598 4460 ex

476 4486 575 4566 varijs
586 4481 996 4559 nationibusconfectum,⁷
1012 4493 1104 4545 trans
1120 4485 1212 4565 alpes
1225 4484 1413 4560 induxerat,
1423 4485 1488 4566 dijs
1500 4487 1598 4548 sacri-

445 4637 453 4667 1
471 4652 611 4701 remmus:
630 4648 668 4699 39.
683 4643 732 4684 ete.
899 4632 911 4663 ²
926 4634 975 4683 die.
991 4646 1025 4709 21.
1034 4635 1063 4681 iu
1076 4649 1108 4683 ru.
1290 4632 1301 4663 ³
1318 4635 1477 4711 Matthaeus:
1491 4636 1523 4699 38
1533 4647 1580 4687 etc.

444 4704 456 4798 ἒ
471 4720 505 4818 {L
520 4716 561 4816 ἐξ
573 4714 647 4815 gem
900 4697 911 4795 ζ
927 4699 1146 4826 gnzsepcpiifpbqp.
1161 4698 1200 4760 64
1229 4700 1400 4762 martyribus:
1411 4700 1450 4764 63.
