3992 5759
793 735 1018 784 PRAEFATIO.
1448 737 1509 787 xxix

298 889 442 972 primam
461 887 551 971 quod
568 887 781 971 precantibus
795 888 894 951 simul
917 888 1098 971 acquiritur
1120 888 1289 971 vtriusque
1312 890 1504 953 testamenti

298 976 426 1060 peritia
487 975 688 1050 Secundam,
734 973 826 1057 quod
875 995 925 1037 res
973 987 1025 1038 est
1073 975 1326 1057 expeditissima
1372 987 1507 1060 propter

299 1082 467 1126 summam
513 1063 638 1125 ordinis
686 1061 944 1145 simplicitatem,
988 1072 1022 1126 et
1067 1062 1260 1126 nonnullam
1300 1063 1508 1127 breuitatem.

299 1149 461 1225 Tertiam,
483 1149 573 1231 quod
597 1148 741 1212 historiae
764 1158 954 1212 sanctorum
978 1150 1025 1212 sic
1049 1150 1245 1232 conscriptae
1267 1161 1355 1226 sunt,
1370 1160 1405 1213 vt
1427 1150 1507 1214 nihil

300 1237 448 1306 habeant
470 1236 560 1318 quod
583 1255 703 1318 graues
732 1245 765 1298 et
795 1235 912 1299 doctas
942 1256 1038 1299 aures
1060 1234 1219 1300 offendat.
1279 1236 1316 1300 Si
1346 1237 1399 1300 cui
1429 1257 1512 1321 ergo

301 1322 504 1387 laboriosum
528 1323 560 1388 in
583 1324 646 1385 hoc
663 1322 826 1386 breuiario
842 1321 1008 1387 videbitur
1030 1323 1188 1406 pleraque
1212 1325 1326 1386 omnia
1351 1343 1395 1386 ex
1423 1322 1518 1399 libro¹

301 1410 378 1491 legi,
399 1429 475 1472 cum
500 1409 605 1473 multa
628 1410 660 1472 in
685 1409 760 1486 alio,
782 1430 857 1492 quae
880 1419 1017 1493 propter
1040 1410 1246 1491 frequentem
1278 1411 1508 1491 repetitionem

300 1498 502 1574 ediscuntur,
518 1498 710 1559 memoriter
725 1497 990 1578 pronuntientur,
1006 1508 1200 1580 compenset
1215 1517 1291 1560 cum
1308 1496 1371 1560 hoc
1395 1497 1507 1561 labore

301 1584 528 1667 cognitionem
574 1603 675 1646 sacrae
714 1585 895 1666 scriptume,
933 1604 1010 1665 quae
1051 1585 1098 1646 sic
1136 1585 1242 1647 indies
1280 1584 1437 1666 augescit,
1474 1595 1510 1648 et

301 1671 521 1745 intentionem
561 1670 673 1745 animi,
702 1690 803 1751 quam
844 1670 936 1733 Deus
973 1679 1053 1734 ante
1090 1672 1204 1734 omnia
1234 1671 1266 1733 in
1298 1671 1510 1752 precantibus

302 1757 438 1840 requirit
475 1756 576 1839 (hanc
613 1757 703 1819 enim
743 1757 901 1819 maiorem
941 1756 1136 1840 legentibus,
1172 1777 1274 1840 quam
1320 1759 1510 1821 memoriter

299 1843 544 1926 proferentibus
566 1844 682 1906 adesse
713 1845 858 1906 necesse¹
885 1844 950 1924 est)
979 1855 1014 1907 et
1043 1843 1233 1918 huiusmodi
1265 1844 1412 1908 laborem
1443 1865 1509 1908 non

302 1930 404 1994 modo
419 1931 633 2000 fructuosum.
648 1931 707 1993 sed
723 1932 825 1993 etiam
845 1930 1025 1994 salutarem
1049 1931 1215 1994 iudicabit.
1261 1930 1436 1995 Orandum
1459 1940 1514 1996 est

301 2016 392 2080 enim
407 2017 458 2098 (vt
474 2018 596 2080 Paulus
608 2017 670 2098 ait)
685 2018 801 2098 spiritu
818 2026 851 2080 et
868 2027 988 2081 mente.
1028 2017 1117 2080 Nam
1132 2018 1203 2080 sine
1213 2018 1320 2080 fructu
1337 2039 1432 2081 mens
1441 2019 1511 2082 eius

302 2113 363 2177 est,
379 2105 436 2185 qui
452 2112 524 2166 orat
540 2103 654 2186 lingua
670 2114 811 2180 tantum,
827 2104 859 2167 id
883 2113 934 2167 est
957 2104 1014 2185 qui
1041 2106 1112 2167 sine
1138 2106 1333 2181 attentione,
1356 2126 1394 2168 ac
1419 2106 1512 2168 velut

301 2189 392 2254 aliud
431 2209 535 2272 agens
572 2200 743 2272 precatur:
787 2190 878 2271 quod
916 2190 983 2253 fere
1028 2191 1149 2255 accidit
1187 2192 1225 2254 iis
1262 2193 1318 2272 qui
1364 2191 1512 2274 psalmos

304 2278 496 2341 memoriter
511 2287 713 2360 percurrunt.
760 2277 876 2340 Habes
893 2287 987 2358 pater
1009 2279 1217 2341 sanctissime
1241 2279 1384 2342 instituti
1407 2281 1513 2342 nostri

303 2364 477 2441 rationem,
513 2363 618 2426 habes
655 2364 831 2427 formulam
870 2364 1033 2429 breuiarii.
1080 2364 1240 2448 Superest
1274 2381 1312 2428 vt
1349 2365 1509 2446 quemad·

303 2450 442 2514 modum
480 2451 610 2532 coepisti
648 2451 772 2532 aspires
811 2450 978 2533 incoeptis²
1016 2453 1144 2529 nostris,
1174 2450 1221 2516 et³
1255 2451 1359 2515 labori
1398 2452 1512 2516 faueas

303 2537 446 2620 publicae
460 2537 627 2601 vtilitatis⁴
641 2557 742 2600 causa
753 2547 920 2619 suscepto.
965 2538 1060 2602 Vale.

350 2767 359 2799 ¹
377 2785 495 2821 neeesse:
513 2768 554 2835 38.
945 2768 957 2801 ²
972 2770 1085 2836 coeptis:
1102 2783 1142 2834 43.
1157 2771 1196 2835 63.

349 2835 361 2865 ³
375 2851 423 2887 om.
436 2834 477 2900 63.
948 2835 958 2866 ⁴
974 2837 1176 2887 commoditatis:
1195 2849 1234 2900 39.
1248 2844 1295 2887 etc.
