3992 5759
671 734 787 785 ream
817 734 960 797 aarum
989 733 1037 783 ru
1063 734 1162 783 caua
1192 734 1343 784 notum.
1561 746 1608 797 ης

393 897 525 967 nostre,
539 909 598 953 sue
613 888 725 951 anime
747 885 866 952 meror¹
883 887 1039 950 aboleret.
1094 886 1140 948 Et
1166 885 1305 950 fortasse
1331 887 1407 949 ideo
1430 887 1532 950 tristis
1554 898 1606 950 est

392 976 482 1059 quia
511 988 588 1058 post
615 976 693 1040 Ade
715 975 847 1057 lapsum
875 974 933 1036 tali
959 974 1100 1036 transitu
1126 973 1222 1037 nobis
1245 983 1315 1037 erat
1338 974 1380 1036 de
1404 973 1467 1036 hoc
1494 974 1609 1036 seculo

395 1062 625 1128 recedendum
642 1072 678 1125 vt
694 1063 776 1125 mori
792 1070 880 1125 esset
897 1080 1031 1123 necesse
1055 1060 1148 1123 Deus
1171 1061 1260 1123 enim
1277 1070 1418 1122 mortem
1436 1081 1502 1123 non
1519 1059 1609 1136 lecit,

396 1171 466 1214 nec
480 1149 602 1214 letatur
617 1151 649 1213 in
667 1146 901 1232 perditionem³
916 1148 1089 1209 viuorum:
1114 1157 1147 1209 et
1171 1146 1246 1210 ideo
1271 1145 1397 1211 fastidit
1421 1147 1511 1230 quod
1535 1148 1607 1229 ipse

396 1258 471 1300 non
488 1236 565 1300 fecit
582 1237 737 1317 Denique
751 1237 819 1299 ait:
843 1233 1000 1297 Transfer
1016 1254 1035 1295 a
1052 1253 1105 1296 me
1121 1233 1257 1296 calicem
1274 1234 1374 1296 istum
1391 1235 1486 1315 quasi
1503 1234 1607 1297 homo

398 1333 545 1387 mortem
562 1343 718 1386 recusans
733 1322 828 1403 quasi
839 1321 1131 1384 deussententiam
1148 1340 1242 1382 suam
1260 1341 1438 1384 reseruans
1462 1320 1608 1403 Oportet

396 1412 493 1474 enim
511 1431 572 1473 nos
589 1411 672 1472 mori
689 1409 810 1486 secu10,
824 1418 860 1470 vt
877 1427 1087 1490 resurgamus
1104 1406 1201 1469 Deo.³

760 1552 794 1622 01
810 1545 872 1607 lid
881 1544 1002 1608 laudes.
1046 1543 1245 1625 Antipltona.

469 1659 596 1724 Omnes
626 1659 777 1721 videntes
805 1678 858 1719 me
884 1657 1069 1719 deriserunt
1097 1676 1158 1731 me,
1182 1655 1309 1737 loquuti
1335 1665 1413 1719 sunt
1443 1654 1549 1737 labijs‚
1572 1666 1607 1719 et

395 1756 577 1809 mouerunt
592 1755 702 1828 caput.

942 1830 1064 1893 Oratio.

404 1936 568 2064 PResta
582 1955 763 2017 quesumus
778 1935 991 2016 omnipotens
1007 1932 1107 1996 deus:
1131 1942 1167 1994 vt
1182 1933 1238 2013 qui
1265 1934 1385 1996 nostris
1412 1933 1605 1996 excessibus

479 2023 693 2086 incessanter*
723 2021 909 2102 affligimur,
947 2041 1006 2102 per
1035 2021 1196 2100 unigeniti
1228 2018 1296 2100 filiij
1336 2021 1384 2082 tui
1415 2021 1607 2102 passionem

395 2109 599 2173 liberemur:
622 2111 679 2190 qui
696 2119 815 2172 tecum.

743 2227 776 2296 ΙΙ
792 2220 854 2283 Ad
865 2232 1019 2301 vesperas.
1065 2217 1264 2299 Autiplrona.

471 2325 624 2409 Sperauit
641 2326 674 2388 in
692 2325 838 2400 domino,
853 2325 970 2405 eripiat
986 2342 1062 2384 eum
1080 2322 1209 2385 saluum
1234 2322 1331 2385 saciat
1348 2342 1434 2399 eum,
1449 2325 1608 2404 quoniam

398 2412 477 2476 vult
491 2432 577 2476 eum.

468 2505 500 2575 (l
516 2499 709 2561 Notandum
724 2498 853 2580 quodsi
867 2498 900 2560 in
915 2497 1024 2578 aliquo
1039 2516 1078 2557 ex
1091 2495 1144 2556 ltis
1159 2495 1263 2557 tribus
1277 2495 1388 2558 diebus
1408 2497 1612 2577 sequentibus

396 2585 556 2649 inciderit
582 2585 719 2667 aliquod
735 2584 862 2664 sestam
893 2583 1035 2665 simplex,
1066 2603 1128 2643 uon
1159 2581 1248 2644 debet
1267 2581 1352 2663 fieri
1379 2582 1524 2664 (filatum,
1555 2605 1612 2646 nec

395 2673 659 2736 commemoratio
674 2672 713 2734 de
727 2692 769 2748 eo,
782 2672 815 2733 si
827 2680 934 2732 autem
942 2669 1054 2750 suerit
1068 2669 1184 2749 duplex
1198 2670 1458 2749 transferendum
1482 2680 1529 2732 est
1535 2681 1612 2751 post

395 2770 550 2822 octauam
558 2759 684 2840 pasche.

729 2875 761 2945 (I
778 2868 877 2931 Feria
892 2868 1008 2950 quinta
1023 2868 1058 2929 in
1073 2888 1149 2929 cena
1171 2867 1304 2931 domini.

468 2980 502 3050 (I
516 2973 710 3036 Notandum
732 2972 819 3054 quod
837 2971 930 3033 ltoclie
952 2970 1086 3033 areima
1104 2971 1202 3033 Pater
1225 2970 1358 3033 nosterl
1404 2972 1480 3035 Aue
1504 2975 1609 3034 maria

398 3060 560 3123 dicuntur
581 3061 616 3122 in
631 3059 793 3141 principio
818 3058 964 3120 omnium
988 3057 1144 3119 horarum
1167 3059 1251 3120 se'eut
1271 3068 1376 3133 autea,
1391 3060 1450 3120 sed
1461 3059 1609 3121 omnibus

398 3146 483 3228 alrjs
503 3146 733 3228 preteruu'ssis‚
762 3145 903 3207 absolute
939 3145 1097 3225 incipitur
1124 3145 1322 3206 matutinum
1360 3144 1401 3206 ab
1430 3145 1609 3227 antiphona

398 3231 581 3314 inscn'ptal
626 3232 815 3313 Anttplmua
825 3232 923 3294 Zelus
938 3231 1060 3294 domus
1076 3241 1131 3293 tue
1141 3231 1285 3293 comedit
1303 3251 1364 3308 me,
1376 3242 1409 3295 et
1426 3233 1604 3315 opprobria

399 3320 679 3402 exprobrantium
696 3318 756 3381 tibi
773 3319 963 3381 ceciderunt
978 3337 1077 3400 super
1092 3337 1153 3380 me.

470 3406 597 3469 Deinde
618 3404 785 3468 dicuntae³
798 3405 926 3486 psalmi
946 3414 976 3465 et
998 3406 1220 3466 ternn'nautur
1246 3404 1386 3466 absolute
1400 3404 1470 3466 sine
1495 3403 1609 3468 Gloria

401 3495 491 3578 patri
521 3503 553 3554 et
579 3493 626 3555 sic
654 3493 877 3554 terminantur
903 3492 1001 3552 etiam
1041 3491 1074 3552 iu
1105 3491 1252 3552 omnibus
1280 3491 1358 3571 alijs
1387 3491 1483 3554 lroris.
1527 3492 1611 3554 Post

391 3580 543 3663 psalmos
554 3580 708 3661 repetitur
720 3578 905 3659 antiphona,
920 3588 951 3640 et
963 3579 1077 3640 statim
1094 3578 1216 3640 dicitur
1225 3579 1322 3640 Pater
1338 3589 1449 3640 noster
1464 3588 1495 3639 et
1507 3588 1609 3640 cetera

397 3667 530 3731 Deinde
544 3667 699 3728 durentur
711 3675 776 3727 tres
789 3674 950 3747 sequentes
964 3664 1110 3726 lectiones
1122 3665 1193 3726 siue
1215 3665 1479 3726 benedictionibus
1494 3675 1525 3727 et
1537 3666 1609 3727 sine

400 3753 459 3817 Tu
474 3764 596 3816 autem.

512 3881 618 3945 Lectio
626 3881 748 3962 prima.
791 3880 997 3942 Lamentatio
1012 3879 1147 3942 Ieremie
1154 3878 1326 3960 propbeta.l
1370 3879 1483 3960 slleplt.

478 3981 701 4057 Vomododo†
715 3982 836 4047 sedet¹⁰
852 3982 922 4045 sola
939 3983 1056 4045 ciuitas
1072 3983 1170 4064 plena
1187 3981 1422 4065 popu10,sacta
1438 3994 1489 4046 est
1511 3987 1606 4065 quasi

493 4073 594 4134 vidua
624 4072 760 4134 domina
791 4072 940 4151 gentium
974 4119 995 4132 ..
1042 4070 1189 4133 Lametlt.
1244 4069 1275 4133 Ο
1314 4091 1372 4131 vos
1402 4090 1518 4133 omnes
1549 4073 1606 4152 qui

401 4159 553 4223 transitis
579 4179 637 4241 per
659 4159 757 4234 viam,
780 4159 952 4232 attendite,
967 4168 1001 4219 et
1027 4158 1137 4220 videte
1162 4158 1187 4219 si
1213 4165 1263 4218 cst
1290 4156 1384 4218 ‹lolor
1406 4158 1490 4219 sieut
1513 4157 1607 4220 dolor

402 4266 507 4311 meus
554 4244 723 4328 Quoniam
746 4245 964 4306 vindemiauit
981 4265 1034 4305 me
1050 4256 1084 4306 vt
1106 4243 1235 4306 locutus
1252 4255 1301 4305 est
1317 4244 1472 4305 dominus
1496 4245 1528 4306 in
1552 4246 1607 4307 die

401 4332 584 4398 iresuroris
600 4332 659 4395 sui.
721 4330 911 4406 Ierusalem,
938 4330 1118 4392 Ierusalem
1142 4341 1335 4393 conuertere
1361 4328 1404 4392 ad
1431 4331 1604 4394 dominum

403 4420 516 4485 Deum
534 4429 638 4482 tuum.

451 4533 460 4566 ¹
478 4549 604 4610 moerore:
622 4532 662 4582 61.
676 4531 716 4592 64
1021 4529 1032 4624 ἶ
1048 4531 1201 4594 perditione:
1220 4545 1258 4596 39.
1273 4543 1320 4581 ete.

452 4597 464 4694 b
478 4601 585 4726 21:231?
586 4609 661 4713 eitcs.a
676 4598 731 4645 Μ
746 4595 786 4659 63·
1021 4658 1032 4690 ⁶
1047 4608 1221 4724 iteiebitadmgb
1232 4597 1326 4725 461643.
1341 4677 1380 4724 44.
1395 4675 1434 4724 49.
1449 4661 1487 4712 61.
1503 4662 1542 4727 63.
1556 4663 1596 4712 66.

450 4728 461 4761 ⁷
478 4729 657 4794 infrascripta:
674 4739 713 4791 39.
727 4737 774 4776 etc.
1021 4723 1159 4775 ‘elicitum
1175 4725 1213 4788 38.

451 4792 463 4825 ⁸
479 4794 506 4857 [i.
523 4794 607 4855 1-12]
1018 4789 1038 4821 ¹⁰
1054 4792 1129 4841 edet:
1147 4791 1186 4840 66.

450 4874 530 4924 ΚΒ.
548 4873 583 4925 N.
1452 4873 1477 4922 K
