3992 5759
655 696 846 748 DOMINICA
866 696 919 745 ΙΙΙ.
941 697 1037 746 t‘ost
1049 696 1247 746 PENTECOS
1252 700 1276 746 t
1274 698 1334 748 EN.
1556 700 1602 764 189

677 1383 711 1453 (I
726 1378 899 1440 Domintca
915 1380 1013 1440 tertio
1020 1390 1097 1460 post
1102 1389 1308 1461 pentecosten.

758 1489 814 1552 Ex
826 1489 958 1554 Exodo}
1004 1491 1110 1553 Lectio
1117 1492 1240 1573 primo

399 1600 471 1730 ΙΝ
502 1600 621 1664 diebus
651 1600 714 1663 illis
741 1612 1101 1702 postquam'creuerat
1133 1602 1279 1701 Moyses,
1295 1623 1447 1684 egressus
1477 1614 1527 1667 est
1557 1605 1600 1667 ad

453 1688 570 1751 iratres
593 1708 725 1751 suos
745 1689 791 1751 Et
807 1698 955 1770 respexit
972 1690 1129 1751 dommus
1153 1688 1237 1751 tilios
1257 1690 1367 1766 Israel,
1381 1698 1416 1752 et
1442 1692 1602 1773 cognouit

391 1794 462 1838 eos

655 1944 689 2014 (1
703 1938 757 2000 Ex
771 1939 867 2000 Actis
886 1937 1134 2019 Apostolorum.2
1178 1938 1284 2000 Lectio
1299 1939 1341 2019 ej.

397 2059 734 2193 consideransque
769 2063 861 2125 venit
888 2062 930 2124 ad
962 2061 1100 2124 domum
1131 2062 1236 2124 Marie
1309 2073 1344 2124 et
1373 2063 1533 2125 loannem
1568 2064 1601 2127 in

476 2149 664 2212 ministerio

691 2343 724 2413 11
745 2337 776 2399 Τ
773 2338 856 2399 ertio
870 2336 958 2398 lectio
972 2337 1146 2398 secundum
1163 2335 1305 2399 Lucam?³

440 2461 471 2525 N
488 2461 545 2525 illo
560 2472 719 2544 tempore,
735 2461 842 2525 Erant
857 2462 1165 2543 appropinquantes
1181 2462 1223 2523 ad
1242 2461 1352 2524 Iesum
1377 2462 1544 2544 publicani
1567 2474 1601 2527 et

454 2558 654 2632 peccatores,
668 2558 705 2612 vt
720 2548 872 2611 audirent
888 2547 989 2610 illum.
1038 2548 1082 2610 Et
1098 2547 1231 2628 reliqua.

725 2735 876 2798 Homilia
889 2736 996 2797 sancti
1012 2735 1174 2816 Gregon‘st
1182 2746 1270 2816 pape.

403 2859 602 2989 EStiuum
632 2870 765 2940 tempus
795 2858 886 2941 quod
919 2859 1048 2940 corpori
1081 2879 1156 2921 meo
1187 2859 1283 2922 valde
1319 2861 1519 2924 contrarium
1551 2873 1602 2925 est

483 2948 573 3029 loqui
611 2967 665 3009 me
702 2946 744 3009 de
780 2947 992 3028 expositione
1029 2947 1134 3007 sancti
1173 2946 1347 3029 euangelij,
1370 2947 1471 3030 longa
1508 2969 1602 3011 mora

397 3035 638 3098 interueniente
662 3033 838 3115 prohibuit.
884 3032 951 3095 Sed
977 3038 1083 3094 num?
1107 3032 1185 3114 quia
1211 3033 1324 3117 lingua
1351 3037 1463 3110 tacuit,
1488 3035 1602 3098 ardere

397 3121 542 3185 charitas
557 3122 723 3183 cessauit?
771 3120 846 3182 Hoc
862 3120 985 3181 etenim
1002 3120 1087 3193 dico,
1103 3119 1193 3200 quod
1210 3120 1300 3201 apud
1324 3141 1360 3183 se
1376 3123 1601 3203 vnusquisque

398 3224 545 3271 vestrum
591 3208 771 3288 cognoscit.
841 3206 1039 3286 Plerumque
1076 3207 1165 3268 enim
1211 3207 1354 3270 charitas
1399 3208 1600 3289 quibusdam

397 3294 671 3378 occupationibus
696 3292 868 3376 prepedita
895 3303 928 3355 et
953 3293 1081 3375 integra
1106 3293 1223 3375 flagrat
1248 3295 1280 3356 in
1307 3296 1416 3372 corde,
1431 3306 1465 3357 et
1489 3305 1602 3359 tamen

399 3402 468 3445 non
491 3390 694 3445 monstratur
717 3381 763 3443 in⁵
786 3401 893 3461 opere.
940 3379 1029 3461 Quia
1044 3390 1078 3442 et
1101 3379 1150 3442 sol
1175 3401 1250 3443 cum
1268 3382 1356 3444 nube
1378 3383 1511 3464 tegitur,
1535 3403 1599 3445 non

398 3468 530 3532 videtur
546 3469 578 3531 in
589 3477 675 3531 terra
690 3477 848 3530 ettamen
864 3466 958 3529 ardet
971 3467 1003 3529 in
1021 3468 1102 3543 celo,
1113 3465 1181 3530 Sic6
1197 3479 1359 3550 occupata
1372 3490 1444 3530 esse
1459 3470 1602 3532 charitas

399 3555 503 3619 solet:
526 3566 561 3617 et
576 3556 664 3618 intus
679 3552 760 3616 vim⁷
775 3553 961 3616 suiardoris
976 3555 1087 3616 exurit
1103 3565 1137 3616 et
1149 3553 1226 3616 loris
1243 3553 1396 3617 flammas
1410 3557 1519 3638 operis
1536 3577 1602 3619 non

399 3643 555 3706 ostendit.
600 3641 667 3704 Sed
684 3642 762 3723 quia
779 3662 866 3703 nune
882 3640 924 3703 ad
941 3639 1147 3722 loquendum
1164 3652 1295 3723 tempus
1312 3642 1409 3724 redijt
1425 3654 1533 3705 vestra
1550 3664 1604 3706 me

398 3729 510 3793 studia
525 3728 720 3803 accendunt,
731 3738 768 3790 vt
784 3727 863 3790 mihi
879 3736 974 3790 tanto
990 3727 1134 3809 amplius
1150 3727 1239 3810 loqui
1260 3727 1383 3806 libeat,⁸
1397 3739 1525 3812 quanto
1540 3729 1603 3792 hoc

399 3827 507 3880 vestre
538 3827 666 3878 mentes
696 3814 946 3878 desiderabilius
976 3824 1167 3896 expectant.
1214 3815 1366 3878 Audistis
1400 3819 1431 3879 in
1463 3816 1604 3879 lectione

400 3903 594 3985 euangelica
621 3903 736 3964 iratres
752 3903 817 3964 mei
843 3903 921 3984 quia
937 3911 1126 3982 peccatores
1153 3912 1186 3965 et
1202 3902 1369 3984 publicani
1396 3912 1604 3965 accesserunt

399 3989 443 4053 ad
467 3989 710 4072 redemptorem
735 3998 894 4065 nostrum,
909 3987 956 4051 et⁹
979 4008 1045 4050 non
1069 3988 1177 4050 solum
1196 3988 1239 4051 ad
1263 3988 1529 4070 colloquendum,
1546 3991 1603 4052 sed

399 4077 501 4139 etiam
528 4076 571 4139 ad
598 4078 865 4139 conuescendum
883 4076 1004 4157 recepti
1030 4084 1116 4138 sunt.
1162 4075 1262 4157 Quod
1286 4078 1437 4139 videntes
1464 4077 1605 4159 pharisei

401 4162 572 4245 dedignati
617 4171 702 4226 sunt.
763 4163 818 4225 Ex
856 4183 923 4243 qua
961 4162 1170 4242 recolligitur,
1218 4162 1296 4243 quia
1351 4185 1428 4225 vera
1482 4164 1605 4226 iustitia

402 4250 667 4332 compassionem
690 4249 800 4325 habet,
816 4249 898 4311 salsa
909 4268 988 4310 vero
1010 4249 1291 4330 dedignationem,
1307 4251 1461 4330 quamuis
1479 4260 1512 4313 et
1528 4251 1605 4313 iusti

402 4337 532 4401 soleant
549 4347 635 4399 recte
646 4334 899 4418 peccatoribus¹⁰
914 4336 1099 4416 dedignari.
1145 4335 1212 4399 Sed
1225 4335 1313 4398 aliud
1325 4346 1375 4399 est
1391 4339 1480 4418 quod
1497 4338 1607 4419 agitur

402 4435 485 4505 typo
508 4423 671 4505 superbie,
685 4423 774 4486 aliud
800 4422 890 4503 quod
918 4423 989 4483 zelo
1014 4422 1196 4504 discipline,
1222 4422 1456 4505 Dedignantur
1481 4425 1604 4487 etenim

452 4606 632 4722 :aitiori-agg]
758 4605 1024 4720 ‡[xii.·162-xiii.5.]
1122 4606 1325 4721 :Cairsgnna
1418 4672 1519 4722 ⁷:¹6

452 4686 644 4800 ‘licegtnzsspi‘
760 4682 901 4800 ’ἓνιιίξᾶι
1114 4735 1133 4765 ¹⁰
1149 4685 1365 4801 phoenicioribus:
1384 4738 1422 4802 38.
1444 4690 1484 4723 u·
1520 4687 1542 4736 3¹
