3992 5759
758 750 888 799 INDEX
913 751 961 798 ΙΝ
963 750 1049 798 VITA
1056 750 1193 798 TORIOR
1201 749 1259 798 VM.
1558 749 1608 798 lxxi

454 907 489 976 (I
513 903 543 964 A
553 902 649 980 serra
659 912 779 983 quarta
797 901 951 966 Cinerum
966 923 1065 983 usque
1078 903 1127 964 ad
1137 902 1332 964 dominicam
1347 901 1387 963 de
1394 901 1552 982 passione.

522 988 756 1052 Inuitatorium
1022 988 1134 1051 Hodie
1149 990 1175 1051 si
1193 1009 1316 1051 vocem.
1334 988 1387 1051 fol.
1408 990 1467 1066 148
1483 987 1563 1070 [83].

523 1076 677 1158 Hymnus
690 1078 739 1139 aa'
751 1073 964 1140 matutinum¹
1022 1077 1076 1138 Ex
1094 1096 1194 1139 more.
1210 1075 1263 1138 fol.
1285 1078 1343 1153 148
1360 1074 1440 1157 [83].

525 1162 681 1244 Hymnus
695 1164 744 1226 ad
754 1175 903 1245 vesperas
1021 1163 1113 1225 Audi
1133 1163 1283 1245 benigne.
1300 1162 1353 1226 fol.
1374 1176 1434 1242 150
1450 1161 1530 1244 [85].

399 1389 437 1451 Β
463 1303 550 1378 {114
578 1304 740 1366 dornim'co
763 1304 802 1367 de
819 1303 972 1385 passione
997 1324 1096 1383 osque
1120 1303 1300 1382 aelferiom
1315 1302 1465 1383 quintam
1482 1303 1516 1364 in
1531 1324 1607 1366 cena

436 1411 548 1454 omna.

521 1501 758 1565 lnuitatorium
1022 1502 1189 1566 Christum
1206 1502 1259 1564 dei
1276 1501 1389 1566 tilium.
1407 1502 1448 1566 fo.
1468 1503 1528 1565 186

522 1676 677 1755 Hymnus
691 1676 740 1738 ad
751 1674 963 1739 matutinurn¹
1025 1587 1276 1758 Piirigiitingua.
1294 1675 1347 1738 fol.
1368 1676 1428 1738 186
1444 1674 1546 1760 [116]Ι

522 1762 678 1845 Hymnus
691 1764 740 1825 ad
751 1775 899 1845 vesperas
1022 1761 1159 1825 Vexilla
1176 1763 1269 1843 regis
1287 1763 1339 1824 fol.
1360 1764 1420 1824 188
1438 1760 1540 1846 [118].

464 1907 496 1975 (Ι
519 1902 550 1962 Α
563 1900 687 1983 pascha
703 1922 800 1982 osque
814 1901 863 1962 ad
873 1900 1096 1963 ascensionem.

523 2014 759 2076 Inuitotorium
1023 2013 1177 2076 Surrexit
1187 2013 1352 2074 dominus.
1363 2011 1417 2075 fol.
1432 2012 1606 2095 208[134j.

523 2101 677 2181 Hymnus
691 2101 739 2162 ad
751 2098 962 2163 rnatun'numl
1023 2100 1153 2161 Aurora
1170 2099 1260 2162 lucis
1278 2099 1329 2162 iol.
1346 2101 1409 2161 208
1425 2098 1527 2182 [134].

523 2188 679 2268 Hymnus
692 2188 741 2248 od
752 2199 898 2268 vesperas
1022 2186 1079 2248 Ad
1095 2206 1211 2248 cenam
1229 2188 1315 2266 agni.
1333 2186 1385 2248 fol.
1403 2203 1466 2264 209
1482 2184 1584 2270 [136]¹

464 2319 496 2387 (I
520 2312 602 2374 Item
642 2312 677 2373 in
714 2312 911 2393 supradietis
930 2311 1032 2391 foliis
1067 2311 1277 2372 inuenientur
1306 2310 1404 2371 etiam
1433 2311 1607 2392 antiphone

398 2399 528 2461 deiende
543 2399 591 2460 ad
603 2399 811 2474 ritatutinmn,
825 2399 947 2473 laudes,
960 2408 993 2460 et
1017 2408 1164 2478 vesperas
1188 2398 1222 2458 in
1232 2397 1390 2478 predictis
1405 2399 1605 2478 tenporibus,

397 2507 459 2568 que
473 2496 580 2548 tonien
597 2506 827 2567 nonnunquam
845 2485 999 2547 rnutande
1013 2495 1098 2558 sunt,
1115 2494 1151 2546 vt
1163 2485 1234 2545 suis
1249 2484 1324 2546 locis
1340 2483 1510 2547 videbitur.

464 2628 497 2697 (Ι
520 2622 720 2684 Inuitatorio
745 2620 875 2697 aretem,2
891 2632 922 2683 et
945 2622 1068 2702 hymni,
1085 2642 1200 2683 necnon
1227 2620 1399 2701 antiphone
1404 2623 1529 2702 festiue
1543 2644 1605 2686 non

400 2710 550 2789 indigent
594 2709 704 2783 indiae,
747 2710 826 2789 quia
863 2710 1001 2790 propria
1046 2709 1246 2789 reperientur
1289 2709 1325 2769 in
1361 2710 1607 2788 sestiuitatibus

392 2796 537 2877 probriys
547 2794 572 2858 ,³
593 2797 776 2857 communia
791 2817 864 2858 vero
880 2796 915 2858 in
931 2795 1151 2857 comnmnibus
1164 2795 1371 2857 sanctorum.⁴

448 3021 455 3050 ¹
474 3022 617 3070 matutinas:
635 3032 674 3081 43.
921 3017 994 3067 ²om.
1010 3033 1049 3081 43.
1303 3019 1314 3047 ³
1332 3021 1454 3083 propriis:
1473 3020 1512 3082 38.

447 3087 457 3115 ⁴
475 3088 546 3148 1n43
560 3087 619 3134 here
631 3087 651 3134 is
664 3084 762 3149 printed
775 3086 855 3133 ludex
873 3086 1042 3142 Psnlniommr,
1055 3083 1106 3132 and
1120 3083 1145 3131 in
1163 3084 1194 3145 63
1212 3083 1296 3132 follow
1316 3086 1395 3131 lrrdox
1407 3086 1604 3147 Evangelromnr

396 3152 604 3227 etEpistola'rum
616 3151 667 3200 and
679 3152 759 3198 Irrdex
771 3151 939 3209 I’salniornm,
952 3149 1121 3211 immediately
1132 3148 1249 3197 followed
1267 3148 1299 3211 by
1312 3150 1354 3197 the
1366 3149 1493 3214 following
1505 3167 1605 3216 prayers

400 3217 703 3331 wttqitehpqulqmiones
714 3290 772 3330 sunt
784 3281 814 3329 ad
828 3279 933 3328 libitum.

780 3413 867 3461 Oratio
877 3419 935 3459 ante
948 3411 1126 3458 inchoationem
1138 3411 1219 3475 officij.

402 3502 556 3592 leerator
567 3504 705 3552 animarum
718 3502 804 3551 mundi
816 3501 958 3564 redemptor
971 3502 1027 3550 lesu
1040 3500 1138 3549 Christe
1152 3517 1194 3549 rex
1205 3509 1291 3550 eterne
1299 3511 1323 3549 et
1336 3501 1497 3551 immortalis:
1511 3520 1604 3568 quaeso

476 3570 624 3617 immensam
635 3568 793 3617 clementiam
806 3577 883 3625 tuam,
893 3575 919 3614 vt
929 3581 972 3630 per
980 3565 1176 3614 modulationem
1189 3567 1351 3631 psalmorum.
1361 3583 1424 3630 quos
1432 3584 1479 3630 ego
1489 3578 1604 3645 peccator

396 3633 513 3697 indignus
525 3634 656 3682 demutare
668 3648 781 3697 propono
792 3631 896 3680 :liberes
907 3632 1015 3680 animam
1029 3646 1111 3679 meam
1129 3630 1143 3679 i
1156 3642 1260 3695 peccato
1271 3640 1311 3680 :et
1328 3647 1370 3680 cor
1387 3648 1468 3680 meum
1490 3648 1504 3681 a
1521 3635 1603 3697 prauis

396 3699 598 3762 cogitationibus,
610 3714 640 3746 ac
656 3697 753 3760 insidijs
769 3697 884 3745 omnibus
901 3696 1031 3745 diabolicis
1048 3705 1153 3745 auerte:
1167 3696 1244 3744 libera
1261 3712 1355 3772 quaeso
1374 3697 1474 3746 domine
1493 3699 1603 3748 animam

395 3780 477 3812 meam
490 3767 504 3812 h
516 3764 633 3813 seruitute
646 3765 741 3826 peccati
760 3763 868 3824 :repelle
879 3779 894 3809 a
906 3778 945 3810 me
956 3762 1081 3810 carnalem
1094 3762 1320 3824 concupiscentiam
1332 3762 1415 3825 :eripe
1428 3779 1467 3810 me
1484 3763 1515 3811 de
1532 3766 1601 3813 omni

396 3828 577 3893 impedimento
602 3829 770 3877 sathanaezet
790 3827 958 3876 ministrorum
978 3826 1039 3881 eius,
1059 3836 1083 3874 et
1099 3827 1253 3874 inimicorum
1275 3843 1385 3875 meorum
1415 3827 1557 3886 visibilium,
1578 3841 1602 3878 et

393 3893 565 3953 inuisibitium,
583 3893 754 3957 quaerentium
773 3893 881 3941 anlmam
893 3907 974 3940 meam
986 3893 1109 3941 :saluator
1120 3892 1207 3941 mundi
1220 3893 1295 3940 Deus.
1332 3892 1382 3955 Qui
1394 3892 1457 3940 viuis
1467 3902 1491 3942 et
1504 3911 1600 3957 regnas.

395 3959 443 4008 Per
453 3959 538 4008 omnia
548 3960 632 4008 seculo
642 3958 788 4007 seculorum.
824 3960 914 4006 Amen.

774 4099 832 4146 Post
837 4106 966 4160 peractum
977 4098 1091 4162 efficium.
1131 4099 1224 4146 Oratio.

396 4188 525 4282 SVscipe
536 4189 727 4239 clementissime
739 4189 818 4247 Deus,
830 4187 944 4251 precibus
956 4196 980 4235 ct
991 4188 1086 4236 meritis
1097 4188 1185 4235 beatae
1198 4188 1293 4237 Mariae
1305 4205 1403 4253 semper
1414 4190 1524 4253 virginis,
1535 4193 1601 4241 beati

469 4254 601 4303 Michaelis
618 4254 769 4316 archangeli,
790 4253 855 4301 beati
876 4254 977 4301 loannis
998 4253 1135 4315 Baptistae,
1154 4262 1294 4301 sanctorum
1314 4257 1482 4318 apostolorum
1504 4267 1599 4306 tuorum

395 4320 462 4368 Petri
474 4330 500 4368 et
512 4319 591 4375 Pauli,
604 4335 633 4367 ac
644 4319 754 4367 omnium
767 4319 901 4366 electorum
914 4328 1010 4366 tuorum
1022 4317 1168 4382 obsequium
1185 4318 1309 4367 seruitutis
1327 4336 1411 4370 meae:
1431 4332 1454 4369 et
1472 4322 1492 4369 si
1510 4322 1535 4370 in
1553 4324 1602 4372 hoc

394 4395 439 4433 tuo
450 4401 521 4433 sacro
532 4384 613 4434 officio
623 4383 717 4447 aliquid
729 4383 831 4447 dignum
845 4383 937 4446 peregi,
952 4382 1073 4446 propitius
1084 4382 1189 4445 respice,
1203 4393 1227 4430 et
1244 4383 1311 4446 quod
1329 4385 1482 4448 negligenter
1500 4404 1543 4451 per
1560 4405 1600 4437 me

393 4460 477 4498 actum
490 4460 537 4509 est,
550 4450 589 4498 vel
601 4449 755 4512 imperfecte,
769 4450 904 4496 clementer
916 4448 1015 4511 ignosce
1028 4461 1067 4496 :et
1079 4464 1119 4495 me
1131 4448 1249 4494 famulum
1263 4457 1330 4497 tuum
1345 4450 1377 4498 N.
1392 4451 1485 4498 vtinam
1498 4453 1599 4515 dignum

391 4516 427 4563 ab
437 4516 506 4563 omni
518 4515 667 4563 aduersitate
679 4514 776 4562 custodi
786 4532 791 4562 :
801 4525 824 4562 ct
838 4514 863 4560 in
875 4523 971 4561 tuorum
989 4513 1101 4562 semitam
1122 4515 1294 4561 mandatorum
1312 4514 1390 4577 dirige
1401 4535 1407 4563 :
1418 4527 1442 4563 vt
1460 4516 1492 4563 ad
1509 4519 1600 4580 gaudia

392 4581 501 4643 paradisi
514 4580 642 4644 peruenire
653 4580 758 4628 valeam.
792 4581 881 4626 Amen.
