3992 5759
686 735 929 785 HEBDOMADA
948 735 1069 784 PRIMA
1088 735 1303 786 ADVENTUS.
1569 748 1608 796 49³

460 887 541 951 Erte
570 888 598 950 si
627 896 662 950 te
691 907 751 950 rex
781 900 930 950 terrenus
959 898 1018 951 aut
1055 888 1244 970 quicunque
1282 889 1520 970 paterfamilias
1557 887 1600 950 ad

482 994 578 1038 suum
617 974 803 1038 natalitium
837 975 1001 1050 inuitaret,
1030 974 1185 1056 qualibus
1214 976 1421 1038 vestimentis
1451 975 1604 1038 studeres

390 1070 532 1124 ornatus
570 1061 732 1138 incedere,
761 1081 861 1143 quam
901 1063 997 1124 nouis
1026 1061 1079 1123 vel
1118 1062 1240 1135 nitidis,
1269 1081 1369 1143 quam
1409 1060 1605 1144 splendidis,

392 1168 535 1230 quonam
575 1168 636 1211 nec
665 1157 813 1212 vetustas
851 1168 912 1210 nec
941 1149 1060 1223 vilitas,
1091 1168 1151 1210 nec
1189 1148 1300 1230 aliqua
1331 1149 1450 1211 feditas
1488 1147 1603 1212 oculos

394 1236 570 1298 inuitantis
606 1234 808 1298 offenderet:
851 1235 908 1298 tali
946 1254 1027 1318 ergo
1063 1233 1175 1297 studio
1213 1236 1413 1317 inquantum
1452 1236 1603 1317 preuales

393 1321 530 1386 Christo
559 1322 743 1385 auxiliante
772 1323 946 1398 contende,
972 1332 1009 1385 vt
1038 1320 1177 1384 diuersis
1208 1323 1367 1385 virtutum
1398 1323 1604 1386 ornamentis

393 1411 509 1472 anima
524 1419 583 1472 tua
597 1410 793 1491 composita,
808 1409 1028 1490 simplicitatis
1053 1408 1195 1490 gemmis
1210 1418 1243 1471 et
1264 1409 1453 1473 sobrietatis
1469 1409 1604 1472 floribus

393 1497 568 1570 adornata,
583 1497 626 1558 ad
642 1495 876 1559 solennitatem
901 1496 987 1577 regis
1010 1497 1113 1557 eterni
1131 1495 1163 1558 id
1180 1507 1239 1571 est,
1254 1494 1297 1557 ad
1314 1496 1458 1559 natalem
1476 1496 1603 1558 domini

393 1582 572 1645 saluatoris
602 1603 678 1646 cum
708 1602 823 1645 secura
859 1583 1061 1644 conscientia
1099 1583 1266 1663 procedat,
1300 1584 1453 1645 castitate
1491 1584 1605 1656 nitida,

393 1668 558 1732 charitate
570 1668 755 1750 splendida,
765 1669 984 1750 eleemosynis
996 1667 1147 1730 candida.
1186 1669 1337 1732 Christus
1349 1671 1436 1732 enim
1449 1669 1606 1732 dominus

392 1759 421 1819 si
450 1767 484 1818 te
515 1756 563 1818 ita
599 1757 822 1856 compositum
862 1753 1035 1819 natalium¹
1067 1774 1163 1818 suum
1201 1756 1365 1818 celebrare
1403 1757 1609 1856 cognouerit,

395 1844 468 1924 ipse
493 1863 552 1924 per
581 1863 618 1905 se
644 1844 764 1916 venire,
788 1853 822 1904 et
848 1843 993 1904 animam
1026 1852 1118 1903 tuam
1150 1863 1216 1905 non
1248 1842 1355 1905 solum
1381 1844 1523 1918 visitare,
1547 1846 1604 1906 sed

395 1930 498 1992 etiam
524 1929 738 2030 requiescere,
761 1939 793 1993 et
817 1930 848 1991 in
874 1939 1069 2011 perpetuum
1095 1929 1126 1990 in
1155 1928 1209 1991 illa
1234 1930 1426 2010 dignabitur
1448 1930 1609 2006 habitare,

395 2017 482 2079 sicut
506 2017 666 2098 scriptum
691 2027 750 2079 est
797 2016 842 2078 Et
869 2014 1072 2078 habitabo²
1065 2036 1096 2077 m
1124 2015 1196 2092 illis,
1219 2027 1252 2078 et
1283 2017 1505 2078 inambulabo.
1561 2017 1607 2079 Et

394 2104 525 2177 iterum,
553 2103 641 2166 Ecce
678 2113 732 2166 sto
761 2104 802 2165 ad
835 2103 957 2165 ostium
988 2115 1022 2165 et
1054 2102 1158 2184 pulso,
1182 2105 1208 2164 si
1240 2105 1315 2185 quis
1351 2102 1544 2166 surrexerit³
1574 2113 1608 2166 et

395 2191 564 2272 aperuerit
595 2190 685 2267 mihi,
712 2190 843 2252 intrabo
874 2187 917 2251 ad
949 2190 1041 2252 illum
1074 2199 1106 2251 et
1131 2190 1257 2252 cenabo
1288 2210 1363 2252 cum
1396 2191 1460 2258 illo.
1488 2202 1520 2253 et
1553 2190 1608 2252 ille

397 2297 540 2339 mecum.
595 2276 706 2360 Quam
734 2276 815 2339 felix
840 2287 890 2339 est
918 2275 974 2339 illa
998 2277 1198 2358 animaque
1221 2278 1324 2339 vitam
1350 2298 1444 2340 suam
1471 2279 1516 2340 ita
1544 2276 1611 2339 deo

395 2363 584 2427 auxiliante
606 2364 769 2427 studuerit
791 2363 985 2445 gubernare,
1000 2373 1036 2425 vt
1053 2362 1221 2427 Christum
1237 2362 1412 2445 hospitem,
1429 2375 1462 2427 et
1478 2364 1613 2427 habita·

396 2463 506 2514 torem
531 2462 695 2513 mereatur
717 2452 881 2532 excipere,
896 2451 981 2512 sicut
996 2470 1015 2512 e
1031 2451 1195 2514 contrario
1218 2470 1318 2533 quam
1343 2450 1458 2513 infelix
1478 2461 1529 2513 est
1553 2451 1609 2513 illa

397 2538 612 2614 conscientia,
634 2549 707 2600 toto
731 2538 975 2618 lachrymarum
1004 2536 1095 2599 fonte
1120 2537 1273 2619 lugenda,
1295 2557 1361 2620 que
1384 2559 1420 2602 se
1443 2540 1488 2600 ita
1513 2539 1621 2600 malis

396 2625 556 2707 operibus
593 2626 788 2695 cruentauit,
819 2633 854 2686 vt
885 2624 917 2686 in
951 2644 991 2685 ea
1022 2623 1173 2688 Christus
1206 2645 1270 2686 non
1304 2626 1520 2706 requiescere*
1550 2626 1618 2688 sed·

397 2712 553 2775 diabolus
569 2712 705 2793 incipiat
721 2710 908 2774 dominari?
953 2711 1044 2772 Talis
1056 2712 1145 2772 enim
1162 2713 1274 2773 anima
1286 2712 1313 2773 si
1327 2714 1610 2775 medicamentum

398 2798 597 2881 ponitentie⁵
622 2796 702 2861 non⁶
728 2799 794 2861 cito
818 2798 1018 2871 subuenerit,
1042 2818 1062 2859 a
1087 2798 1158 2859 luce
1189 2799 1390 2880 relinquitur,
1417 2820 1437 2861 a
1464 2799 1623 2863 tenebris.

398 2897 590 2967 occupatur,
616 2895 776 2948 vacuatur
805 2884 988 2958 dulcedine,
1015 2885 1171 2966 impletur
1200 2885 1429 2961 amaritudine,
1451 2908 1471 2948 a
1503 2896 1626 2949 morte-

399 2971 577 3048 inuaditur,
604 2993 624 3035 a
650 2973 719 3035 vita
750 2971 948 3052 repudiatur.
1006 2971 1082 3033 Non
1110 2980 1222 3033 tamen
1254 2970 1296 3034 de
1326 2971 1451 3035 domini
1484 2975 1610 3055 pietate

398 3057 531 3121 diffidat
555 3061 611 3141 qui
634 3059 710 3121 talis
735 3069 794 3134 est,
819 3078 879 3120 nec
909 3056 1076 3120 mortifera
1101 3059 1331 3140 desperatione
1355 3058 1534 3143 frangatur,
1550 3060 1616 3122 sed'

401 3146 509 3227 magis
532 3144 575 3208 ad
600 3146 818 3226 penitentiam
841 3145 908 3207 cito
933 3145 1045 3223 fugiat,
1068 3155 1102 3208 et
1126 3145 1206 3208 dum
1230 3145 1339 3207 adhuc
1363 3166 1451 3210 noua
1474 3158 1552 3211 sunt
1576 3157 1609 3209 et

398 3232 511 3295 calent
527 3241 738 3313 peccatorum
754 3251 888 3294 suorum
901 3231 1046 3307 vulnera,
1057 3233 1103 3293 sic
1116 3231 1176 3294 sibi
1191 3230 1349 3295 adhibeat
1365 3233 1610 3297 medicamenta

400 3319 554 3396 salubria,
579 3319 656 3400 quia
680 3320 828 3381 medicus
854 3327 967 3380 noster
993 3319 1206 3399 omnipotens
1228 3330 1288 3394 est,
1310 3330 1344 3384 et
1367 3322 1412 3383 sic
1435 3322 1609 3383 consueuit

401 3408 519 3490 plagas
542 3417 672 3468 nostras
696 3424 817 3478 curare,
844 3416 879 3466 vt
905 3424 965 3467 nec
992 3405 1180 3467 cicatricum
1205 3407 1380 3487 vestigium
1407 3418 1483 3490 post
1508 3408 1610 3489 ipsius

399 3493 623 3556 medicamina
650 3501 827 3555 remaneat
876 3490 957 3553 Ideo
972 3493 1072 3553 etiam
1090 3493 1132 3553 ab
1148 3493 1239 3554 omni
1256 3493 1508 3574 inquinamento
1531 3506 1611 3557 ante

399 3581 473 3642 eius
497 3579 642 3642 natalem
669 3577 781 3643 multis
805 3578 922 3640 diebus
946 3579 1110 3641 abstinere
1137 3578 1275 3641 debetis.
1335 3579 1611 3664 Quotiescunque

399 3664 471 3729 auti
482 3666 627 3729 natalem
641 3666 843 3742 dornini,aut
856 3665 997 3746 reliquas
1014 3664 1229 3727 solennitates
1244 3666 1409 3729 celebrare
1425 3668 1615 3750 disponitis,

399 3754 595 3815 ebrictatem
613 3763 691 3815 ante
706 3753 819 3815 omnia
836 3752 947 3833 fugite,
959 3753 1127 3813 iracundie
1143 3754 1237 3834 quasi
1254 3752 1357 3816 bestie
1373 3756 1608 3831 crudelissime,

400 3850 594 3922 repugnate,
624 3840 738 3901 odium
769 3839 859 3900 velut
882 3858 1047 3900 venenum
1077 3839 1280 3901 mortiferum
1308 3839 1350 3902 de
1375 3844 1474 3905 corde
1500 3854 1615 3905 vestro

398 3926 558 4008 repellite,
574 3937 607 3988 et
634 3936 728 3988 tanta
753 3926 794 3988 sit
819 3927 849 3987 in
863 3926 957 3987 vobis
981 3925 1204 4006 charitasque
1228 3946 1293 3988 non
1320 3929 1427 3990 solum
1445 3951 1548 4011 usque
1565 3930 1608 3992 ad

399 4014 535 4085 amicos,
552 4013 610 4075 sed
635 4013 735 4076 etiam
753 4032 856 4093 vsque
880 4012 922 4073 ad
951 4013 1041 4093 ipsos
1065 4013 1235 4093 perueniat
1260 4014 1420 4087 inimicos,
1437 4028 1472 4079 vt
1495 4037 1612 4079 secure

399 4102 535 4184 possitis
565 4099 673 4163 dicere
704 4100 737 4163 in
768 4100 918 4162 oratione
948 4098 1123 4161 dominica.
1184 4099 1324 4162 Dimitte
1362 4104 1457 4164 nobis
1495 4102 1612 4166 debita

399 4201 524 4264 nostra,
540 4188 624 4250 sicut
640 4196 674 4249 et
690 4207 751 4249 nos
765 4186 965 4248 dimittimus
980 4185 1183 4248 debitoribus
1199 4188 1327 4249 nostris.

683 4297 782 4360 Faria
798 4297 849 4360 ‚vi
864 4318 904 4359 ex
917 4294 1033 4359 Isaiae
1076 4296 1187 4360 Lectio
1194 4299 1316 4379 prima.

473 4403 719 4552 Tlegredietur
745 4400 837 4482 virga
874 4398 917 4461 de
954 4400 1064 4463 radice
1098 4400 1187 4462 lesse
1296 4405 1505 4484 sepulchrum
1538 4407 1611 4470 eius

487 4508 675 4572 gorrosum.

453 4601 637 4651 'natalitium
656 4597 694 4662 38.
709 4607 756 4648 etc.
1068 4595 1258 4648 '²inhabiubo·
1276 4600 1315 4663 38.
1330 4611 1376 4650 etc

451 4665 628 4730 ·surreperit:
646 4677 686 4726 41.
1069 4660 1275 4726 ⁴requieseeret:
1293 4665 1332 4714 66.

451 4732 570 4781 ⁵Tlrres:
586 4729 771 4796 poenitentiae:
791 4726 829 4791 38.
1068 4726 1135 4776 lei:
1154 4729 1209 4777 rdd.
1218 4728 1263 4804 63.

452 4798 580 4847 iontem:
597 4794 692 4859 6366.
1070 4792 1285 4843 ⁸Ca.11.mnr.
1299 4795 1445 4860 [xr.1-ro.]

450 4878 579 4930 BMRN
1457 4880 1479 4927 E
