3992 5759
687 731 879 782 DOMINICA
911 734 964 782 DE
991 734 1181 785 PASSIONE.
1498 745 1543 797 117

404 883 510 967 Vagit
524 883 635 948 inians
650 885 737 948 inter
749 896 842 949 arcta
864 884 1029 949 Conditus
1052 887 1223 969 presepia:
1249 887 1404 951 Membra
1426 889 1544 971 pannis

335 970 489 1071 inuoluta
504 971 612 1073 Virgo
627 982 733 1036 mater
746 972 884 1055 alligat:
902 973 947 1035 Et
964 993 1083 1036 manus
1106 976 1275 1057 pedesque
1297 995 1393 1038 crura
1421 975 1545 1039 Stricta

335 1057 569 1210 claggiiriiisameai
582 1145 690 1209 honor
711 1145 784 1221 deo,
806 1145 992 1229 Vsquequo
1014 1146 1185 1223 altissimo,
1207 1168 1275 1211 vna
1299 1150 1385 1230 patri
1412 1148 1545 1230 filioque

337 1230 466 1381 ἰέἓίιζὶο
495 1233 674 1314 paracleto,
705 1232 767 1296 Cui
799 1231 881 1295 laus¹
914 1244 949 1295 et
978 1243 1129 1316 potestas
1155 1234 1217 1296 Per
1239 1236 1404 1298 immensa
1426 1234 1545 1298 secula

403 1404 603 1488 Antiptm.
650 1405 774 1488 Popule
794 1426 896 1483 meus,
919 1406 999 1488 quid
1024 1407 1084 1470 ieci
1108 1408 1178 1483 tibi,
1200 1418 1258 1471 aut
1281 1409 1362 1490 quid
1386 1408 1546 1471 molestus

339 1489 387 1554 sui
403 1493 569 1575 responde
585 1493 675 1556 mihi.

404 1583 438 1654 (Ι
452 1577 657 1655 Notandum,
670 1580 759 1661 quod
768 1601 876 1643 onmes
890 1580 1071 1661 antiphone,
1089 1601 1186 1663 usque
1203 1580 1251 1642 ad
1261 1581 1384 1662 pascha
1393 1583 1549 1644 dz'cuntur

340 1664 465 1747 integre
478 1667 515 1727 in
523 1666 686 1748 pnna'pio
699 1676 732 1729 et
746 1667 780 1729 in
787 1667 860 1748 fine
873 1667 923 1729 ad
933 1668 1141 1744 titatutinum,
1156 1668 1268 1731 laudes
1281 1679 1313 1730 et
1328 1679 1481 1749 vesperas.

404 1757 438 1828 (Ι
453 1751 523 1815 Hic
531 1752 785 1835 intemnpitur
800 1753 901 1817 Liber
917 1753 1049 1817 Genesis
1063 1775 1161 1836 usque
1175 1755 1354 1834 adsertam
1370 1755 1412 1837 ej.
1421 1755 1547 1837 pascite.

659 1934 693 2004 (Ι
707 1928 764 1991 Ex
773 1928 855 1991 libro
868 1927 1043 2009 sapienta?
1080 1929 1185 1992 Lectio
1199 1929 1228 1992 i.

346 2037 559 2166 Dixerunt
574 2039 667 2123 impij
685 2041 775 2122 apud
792 2060 827 2103 se
838 2060 904 2102 non
915 2051 1004 2103 recte
1016 2041 1212 2122 cogitantes.
1240 2041 1547 2105 circumveniamus

437 2127 571 2203 iustum,
582 2129 740 2207 quoniam
757 2128 882 2189 inutilis
898 2137 948 2189 est
975 2128 1071 2190 nobis
1158 2129 1332 2191 excecauit
1356 2129 1445 2190 enirn
1474 2128 1548 2191 illos

337 2211 466 2275 malitia
481 2232 605 2277 eorum.

615 2372 648 2441 (Ι
666 2367 850 2430 Secundum
866 2366 1076 2430 rlluttlieum.3
1113 2366 1218 2430 Lectio
1234 2368 1276 2449 ij.

410 2477 440 2540 T
457 2478 581 2541 factum
598 2489 648 2541 est
662 2502 669 2541 :
685 2500 762 2542 cum
778 2489 1045 2542 consummasset
1064 2479 1157 2541 lesus
1169 2500 1341 2542 sermones
1358 2479 1419 2542 hos
1429 2500 1547 2543 omnes

491 2564 651 2628 Similiter
665 2576 699 2628 et
715 2585 832 2628 omnes
848 2565 1002 2646 discipuli
1018 2567 1183 2628 dixerunt.

612 2748 646 2818 (Ι
668 2743 779 2806 Tertia
793 2744 881 2806 lectio
900 2745 1074 2806 secundum
1097 2742 1273 2806 loannem}

344 2852 411 2981 IN
430 2853 486 2916 illo
502 2863 672 2936 tempore:
690 2855 834 2917 Dicebat
854 2855 946 2916 lesus
962 2856 1068 2919 turbis
1084 2855 1258 2918 iudeorum
1284 2865 1317 2918 et
1343 2855 1547 2937 principibus
1625 2927 1628 2933 ³

400 2941 634 3004 sacerdotum:
651 2940 735 3024 Quis
750 2961 793 3004 ex
811 2941 903 3004 vobis
920 2953 1036 3024 arguet
1053 2962 1105 3004 me
1118 2944 1161 3005 de
1173 2947 1335 3024 peccato?
1353 2943 1396 3005 Et
1414 2942 1547 3023 reliqua.

643 3125 676 3194 (Ι
693 3116 866 3193 ΗοηιιΙιὶιΙ
876 3120 984 3182 sancti
995 3119 1241 3201 Gregortjpapc.

344 3228 527 3358 PEnsate
538 3230 653 3293 fratres
663 3229 847 3293 charissimi
861 3231 1151 3293 mansuetudinem
1163 3231 1217 3291 dei
1231 3229 1396 3292 :relaxare
1410 3241 1547 3311 peccata

421 3326 566 3393 venerat,
582 3327 616 3380 et
630 3316 782 3380 dicebat:
807 3316 891 3398 Quis
915 3338 957 3379 ex
981 3316 1077 3379 vobis
1100 3326 1217 3396 arguet
1241 3336 1293 3378 mc
1316 3315 1359 3378 de
1383 3322 1546 3398 peccato?

339 3402 419 3466 Non
436 3402 635 3487 dedignatur
650 3424 694 3467 ex
712 3405 839 3466 ratione
854 3404 1030 3466 ostendere
1046 3424 1081 3466 se
1098 3414 1304 3485 peccatorem
1318 3422 1385 3465 non
1399 3424 1478 3477 esse,
1488 3404 1544 3484 qui

335 3508 383 3552 ex
398 3489 519 3553 virtute
533 3489 719 3553 diuinitatis
735 3501 865 3572 poterat
881 3500 1071 3572 peccatores
1088 3488 1272 3553 iustificare.
1318 3489 1385 3553 Sed
1401 3489 1546 3554 terribile

336 3585 390 3639 est
403 3576 502 3639 valde
516 3578 607 3658 quod
623 3578 784 3640 subditur.
829 3576 896 3659 Qui
912 3597 956 3640 ex
975 3577 1050 3639 Deo
1066 3587 1125 3653 est,
1140 3576 1240 3639 verba
1257 3576 1321 3639 Dei
1337 3576 1431 3640 audit
1447 3597 1544 3660 prop·

336 3672 430 3726 terea
446 3684 506 3725 vos
522 3684 589 3726 non
605 3664 736 3739 auditis,
760 3664 838 3745 quia
868 3684 912 3726 ex
939 3664 1015 3726 Deo
1040 3684 1105 3726 non
1133 3664 1220 3726 estis.
1267 3663 1303 3727 Si
1328 3665 1416 3726 enim
1443 3665 1544 3728 verba

337 3748 405 3813 Dei
421 3751 515 3813 audit
530 3751 585 3831 qui
601 3771 646 3813 ex
661 3750 736 3813 Deo
750 3760 801 3813 est
817 3759 851 3812 et
865 3751 979 3813 audire
994 3750 1095 3813 verba
1110 3752 1180 3812 eius
1192 3770 1258 3812 non
1270 3762 1380 3832 potest
1396 3752 1544 3831 quisquis

332 3855 380 3899 ex
396 3836 454 3900 iilo
477 3857 543 3899 non
566 3847 625 3914 est,
641 3839 821 3919 interroget
844 3858 879 3900 se
901 3844 1126 3919 vnusquisque
1148 3837 1175 3899 si
1199 3838 1299 3899 verba
1322 3837 1385 3899 Dei
1410 3839 1442 3899 in
1466 3858 1545 3902 aure

270 4001 274 4008 .
335 3922 446 3986 cordis
458 3925 597 4007 percipit
611 3933 661 3986 :et
671 3925 832 4006 intelliget
844 3923 931 3986 vnde
947 3926 989 3987 sit
1006 3923 1172 3988 Celestern
1189 3925 1329 4007 patriam
1357 3925 1543 3988 desiderare

335 4010 460 4073 veritas
476 4010 577 4086 iubet,
591 4012 700 4073 carnis
715 4011 878 4074 desideria
894 4013 1029 4088 conteri,
1045 4032 1065 4074 a
1095 4012 1210 4073 mundi
1237 4008 1342 4091 gloria
1369 4010 1545 4088 declinare,

334 4095 445 4159 aliena
461 4117 527 4160 non
548 4107 714 4179 appetere,
742 4099 874 4181 propria
901 4099 1020 4181 largiri.
1067 4098 1187 4160 Penset
1212 4116 1292 4179 ergo
1318 4099 1543 4178 unusquisque

336 4193 486 4246 vestrum
507 4185 596 4266 apud
612 4205 658 4260 se,
674 4185 700 4246 si
717 4184 777 4247 hec
793 4206 859 4247 vox
879 4184 943 4247 Dei
959 4187 992 4247 in
1010 4185 1118 4246 cordis
1133 4185 1203 4247 eius
1218 4203 1297 4246 aure
1319 4184 1497 4260 conualuit,
1508 4194 1542 4247 et

336 4270 418 4351 quia
433 4270 499 4333 iarn
516 4291 559 4334 ex
576 4271 641 4334 deo
654 4270 703 4334 fit⁵
718 4274 898 4353 cognoscit.
940 4272 1029 4334 Nam
1053 4281 1130 4333 sunt
1147 4269 1296 4333 nonnulli
1312 4270 1368 4350 qui
1386 4282 1542 4354 precepta

335 4354 411 4431 Dei,
427 4376 488 4419 nec
503 4378 582 4420 aure
597 4358 705 4421 cordis
721 4360 890 4441 percipere
906 4358 1094 4441 dignantur.
1141 4358 1186 4421 Et
1210 4368 1288 4419 sunt
1313 4357 1461 4420 nonnulli
1484 4359 1540 4439 qui

334 4440 397 4506 hec
419 4444 555 4525 quidem
579 4446 688 4508 cordis
710 4465 789 4508 aure
804 4447 990 4527 percipiunt
1006 4446 1064 4507 sed
1081 4444 1172 4506 nullo
1187 4464 1226 4506 ea
1242 4445 1363 4506 mentis
1379 4444 1542 4508 desiderio

333 4530 609 4613 complectuntur.
655 4533 701 4594 Et
716 4542 795 4595 sunt
811 4533 960 4594 nonnulli
981 4533 1037 4613 qui
1063 4530 1204 4593 libenter
1229 4529 1329 4592 verba
1353 4529 1416 4592 Dei
1440 4533 1540 4594 susci·

386 4713 394 4745 ¹
410 4727 465 4766 est:
482 4719 539 4766 add.
554 4729 593 4781 39.
608 4728 655 4768 etc.
970 4716 981 4747 '¹'
997 4719 1044 4768 Ca.
1059 4719 1114 4765 2in
1127 4733 1158 4764 m.
1174 4716 1210 4776 [ii.
1229 4717 1329 4777 12-21.]

383 4778 395 4811 ³
410 4781 455 4832 Ca.
470 4781 502 4831 26
513 4784 543 4831 r'n
554 4800 587 4833 m.
601 4783 679 4845 [xxvi.
696 4784 780 4848 1-35.]
971 4782 982 4812 ⁴
999 4784 1044 4833 Ca.
1059 4781 1114 4830 8111
1127 4798 1159 4829 m.
1325 4780 1336 4809 l
1352 4781 1399 4830 sit:
1418 4793 1457 4844 39.
1472 4793 1512 4833 etc
