3992 5759
686 718 732 767 ΙΝ
746 718 865 767 Festo
881 717 1132 768 ASCENSIONIS
1146 717 1297 769 DOMINI.

686 953 720 1024 (Ι
742 947 842 1010 Feria
858 948 914 1030 ,izj
930 969 970 1009 ex
986 946 1122 1011 Genesi.l
1168 947 1274 1011 Lectio
1289 948 1318 1012 .i.

399 1071 510 1200 His
547 1073 661 1155 itaque
684 1070 801 1155 gestis2
824 1072 946 1134 accidit
973 1083 1008 1135 vt
1036 1084 1211 1155 peccarent
1237 1072 1306 1136 duo
1331 1072 1473 1136 eunuchi
1546 1073 1602 1136 hic

488 1160 648 1222 innocens
664 1159 698 1221 in
715 1159 825 1222 lacum
844 1161 965 1222 missus
981 1179 1063 1223 sum.

477 1352 511 1422 (ζ
535 1346 591 1409 Ex
603 1347 734 1429 epistola
742 1347 856 1428 prium
871 1345 996 1411 Pauli.3
1040 1347 1088 1409 acl
1101 1345 1307 1411 Corinthios*
1349 1346 1455 1410 Lectio
1470 1348 1513 1429 ij.

400 1470 465 1599 N
475 1470 532 1535 On
548 1491 622 1534 sum
636 1471 743 1534 liber?
759 1493 825 1534 non
837 1493 910 1535 sum
921 1473 1117 1554 apostolus?
1187 1483 1222 1535 vt
1235 1472 1346 1555 plures
1356 1471 1435 1535 lucri
1448 1471 1603 1536 facerem.

465 1820 566 1883 [dens
577 1821 736 1902 pistorum
750 1821 916 1903 magister,
925 1822 1015 1903 quod
1027 1822 1205 1904 prudenter
1214 1822 1381 1884 somnium
1393 1821 1600 1885 dissoluisset

537 1909 723 1988 prepositus
740 1909 971 1990 pincernarum
988 1909 1112 1972 oblitus
1127 1919 1178 1972 est
1196 1909 1384 1991 interpretis
1399 1910 1458 1972 sui.

541 2101 573 2170 (Ι
597 2095 653 2157 Ex
665 2096 796 2176 epistola
812 2096 841 2159 .i.
857 2097 1024 2158 Parcliaa'
1038 2096 1242 2162 Core'ntlrros.⁶
1287 2096 1394 2159 Lectio
1409 2098 1451 2179 ,ξιξ

464 2218 495 2281 Τ
512 2218 619 2282 sactus
635 2239 708 2281 sum
739 2219 849 2281 Iudeis
876 2230 1037 2302 tanquam
1059 2221 1179 2284 ludeus
1195 2231 1231 2284 vt
1257 2221 1378 2285 Iudeos
1401 2222 1597 2285 lucrarer

478 2317 514 2370 vt
531 2308 663 2388 possitis
679 2308 848 2369 sustinere.

458 2462 492 2532 (Ι
517 2456 563 2520 Si
589 2457 625 2518 in
666 2456 718 2518 die
746 2457 940 2519 ascensiones
977 2457 1105 2519 docelini
1132 2458 1284 2520 incident
1303 2458 1431 2538 festum
1465 2458 1603 2539 simplex

392 2544 560 2605 orerettitur
586 2544 724 2619 oncnirw,
753 2544 787 2604 si
812 2554 920 2605 autem
951 2544 1102 2607 euaderet
1131 2545 1166 2606 in
1196 2545 1273 2626 alejs
1302 2545 1413 2607 diebus
1437 2545 1604 2627 usquead

387 2638 599 2712 pentetecosten
604 2630 654 2712 fit
667 2631 921 2692 commemoratio
936 2631 974 2693 a'e
988 2652 1021 2691 eo
1044 2632 1079 2692 in
1090 2631 1159 2709 fine
1164 2632 1275 2713 pn'ure
1284 2642 1457 2714 antequam
1471 2632 1604 2694 dicatur

394 2716 556 2780 Preciosa.
603 2715 648 2780 Si
674 2737 747 2779 vero
767 2718 895 2798 festum
936 2717 1053 2798 duplex
1080 2718 1231 2780 inciderit
1259 2719 1294 2780 in
1324 2719 1377 2780 de'c
1404 2718 1598 2780 ascensionis

394 2804 598 2884 transfertur
611 2804 646 2865 in
660 2812 839 2886 sequentem
854 2804 949 2880 diem,
964 2805 997 2866 si
1009 2816 1117 2867 autem
1133 2806 1168 2867 in
1183 2805 1261 2887 alcjs
1274 2804 1484 2869 celebrabitur
1497 2805 1532 2866 in
1548 2805 1603 2867 die

392 2911 457 2972 qua
472 2890 631 2954 ina'clerit.

590 3060 624 3128 (Ι
645 3053 778 3116 Festum
793 3054 1002 3116 Ascensum
1016 3054 1144 3116 deretini
1155 3054 1272 3136 deuolat
1285 3054 1401 3119 enatus.

750 3172 782 3241 (Ι
805 3167 836 3228 Α
842 3167 868 3228 α’
879 3177 1032 3247 vesperas.
1077 3165 1239 3247 Hymnus.

401 3289 505 3418 IEsu
532 3299 645 3352 nostra
671 3291 865 3372 redemptio,
893 3291 1010 3365 Amor,
1037 3301 1070 3353 et
1094 3290 1331 3372 desyderium:
1350 3291 1442 3354 Deus
1469 3301 1600 3355 creator

450 3378 600 3440 omnium
616 3377 751 3439 :Homo
767 3379 798 3439 in
817 3376 881 3438 fine
898 3388 1096 3459 temporum.

461 3464 537 3546 Que
559 3476 592 3526 te
615 3465 694 3527 vicit
716 3463 902 3540 clementia,
918 3464 967 3528 Vt
983 3465 1082 3527 ferres
1107 3475 1219 3527 nostra
1235 3465 1372 3528 crimina
1395 3464 1597 3529 :Crudelem

396 3562 539 3613 mortem
556 3552 695 3633 patiens.
739 3550 786 3614 Vt
802 3571 864 3612 nos
880 3570 899 3612 a
917 3560 1023 3613 morte
1039 3551 1182 3615 tolleres,

464 3636 586 3699 lniemi
612 3637 756 3700 claustra
786 3646 965 3719 penetrans
996 3638 1089 3700 Tuos
1119 3639 1272 3720 captiuos
1288 3639 1463 3716 redimcnS,
1479 3638 1600 3702 Victor

394 3724 564 3805 triumpho
581 3724 692 3798 nobili,
707 3723 750 3786 ad
767 3724 921 3787 dextram
939 3726 1042 3807 patris
1058 3726 1212 3789 residens.

465 3811 543 3892 ipsa
559 3821 592 3873 te
607 3822 706 3892 cogat
720 3812 825 3893 pietas
840 3821 891 3874 :vt
909 3811 998 3874 mala
1014 3823 1126 3875 nostra
1142 3832 1277 3894 superes
1295 3812 1516 3888 Parcend0,et
1527 3812 1597 3874 voti

395 3910 578 3979 compotes
596 3898 667 3960 Nos
683 3908 742 3960 tuo
757 3898 848 3960 vultu
866 3900 975 3961 saties,

461 3984 576 4048 Gloria
592 3983 650 4046 tibi
667 3985 811 4057 dominc,
827 3985 893 4067 Qui
911 3985 1043 4048 scandis
1059 4005 1157 4067 super
1180 3985 1309 4048 sidera:
1327 3985 1413 4050 Cum
1438 3996 1540 4067 patre,
1562 3994 1596 4047 et

395 4082 513 4134 sancto
528 4072 644 4153 spiritu
661 4072 693 4133 in
710 4073 912 4153 sempiterna
928 4072 1047 4136 secula.
1095 4073 1213 4136 Amen.

460 4157 508 4220 Et
521 4159 568 4220 sic
581 4159 803 4220 terminantur
808 4156 925 4240 hymni
937 4159 972 4219 iu
988 4158 1134 4221 oume'bus
1142 4159 1232 4221 leores
1243 4179 1340 4241 osque
1349 4159 1398 4221 ad
1401 4169 1599 4240 pentecosten

392 4245 557 4308 exclusiue.

460 4331 658 4411 Antiphone.
698 4331 895 4394 Ascendens
922 4332 1072 4396 Christus
1104 4334 1136 4394 in
1164 4332 1267 4396 altum
1298 4332 1466 4415 captiuam
1497 4331 1597 4396 duxit

393 4419 632 4501 captiuitatem,
649 4418 740 4481 dedit
757 4419 844 4480 dona
861 4419 1060 4494 hominibus
1078 4419 1255 4485 Halleluia.

442 4643 453 4739 ζ
469 4645 531 4711 Cap.
545 4648 618 4706 40ιή
631 4664 663 4696 nr.
677 4647 722 4708 [xl.
739 4649 822 4710 1-15.]
1044 4646 1164 4697 '²vestis:
1182 4647 1221 4697 66.
1274 4713 1280 4724 ι

469 4714 596 4775 Apostoli:
612 4714 667 4761 adel.
682 4711 721 4761 61.
736 4713 776 4772 64
1043 4712 1053 4742 ⁴
1070 4713 1132 4777 Cap.
1147 4725 1203 4774 9m
1216 4730 1248 4762 nr.
1262 4713 1305 4773 [rx.
1323 4714 1406 4775 1·19.]

441 4774 628 4841 ⁵[xl.16-23.]
1043 4775 1054 4807 ⁶
1070 4779 1113 4839 [iu
1129 4791 1202 4828 ao-x.
1219 4779 1270 4842 ¹3·]
