3992 5759
660 723 850 773 DOMINICA
871 723 1023 783 Quem
1041 722 1256 774 ADVLNTUS.
1533 728 1562 782 57

348 897 417 957 quo
430 876 481 937 ad
491 875 621 938 tertiam
636 875 798 940 lectionem
812 877 994 940 seruandus
1008 887 1056 939 est
1070 876 1154 938 idem
1169 877 1254 947 ordo.
1269 875 1329 957 qui
1347 883 1497 937 seruatus
1517 881 1566 934 est

351 963 392 1023 in
401 962 643 1043 precedentibus
649 963 754 1043 ser-ijs
768 963 864 1026 donec
877 963 995 1044 vigilia
1012 963 1200 1025 natiuitatis
1214 972 1366 1025 oceunat.

596 1105 630 1174 ([
655 1098 797 1163 Sabbato
811 1120 851 1162 ex
864 1096 1048 1165 le'eecleiele.l
1094 1099 1200 1162 Lectio
1208 1099 1330 1180 prima.

367 1212 460 1340 ET
477 1212 601 1359 {iactum
619 1222 670 1273 est
686 1212 824 1274 verbum
841 1211 968 1275 domini
1044 1214 1233 1275 custodiam
1244 1221 1279 1274 et
1288 1231 1423 1293 pascam
1442 1209 1514 1271 illas
1530 1208 1563 1269 in

446 1319 455 1359 ι
505 1319 575 1360 icio.

457 1319 477 1361 u
656 1391 690 1460 Ι[
715 1385 899 1448 Secundum
917 1385 1060 1450 Lucam.2
1105 1385 1250 1448 Lectio
1225 1406 1267 1468 e]

366 1498 550 1624 Frlctum
567 1508 618 1559 est
633 1507 756 1569 autem,
772 1518 846 1559 cum
865 1496 1016 1578 redijsset
1035 1497 1127 1559 lesus
1129 1497 1285 1578 ,excepit
1301 1496 1392 1558 illum
1409 1494 1562 1558 turba...

441 1603 483 1645 ne
498 1584 596 1645 alicui
612 1584 759 1646 dicerent
774 1582 897 1664 quodi
894 1595 1005 1646 actum
1022 1596 1101 1646 erat.

448 1725 482 1795 01
505 1719 718 1781 Domim'ca
694 1719 763 1800 eu).
754 1720 939 1782 aduentus
953 1741 993 1782 ex
1007 1719 1057 1782 Es
1042 1718 1189 1782 eclee‘ele.³
1233 1718 1342 1781 Lectio
1356 1716 1479 1799 pn'nra.

433 1830 483 1894 Os
520 1841 631 1894 autem
670 1851 788 1914 greges
827 1832 902 1907 mei,
931 1832 991 1893 hec
1029 1832 1109 1893 dicit
1154 1829 1310 1893 dominus
1347 1830 1429 1892 deus
1502 1847 1567 1909 ego

448 1920 604 1980 dominus
620 1916 703 1980 deus
718 1929 836 1993 vester,
851 1919 931 1981 dicit
947 1919 1103 1981 dominus
1119 1919 1208 1980 deus.

659 2060 693 2129 Ι[
718 2055 901 2117 Secundum
918 2055 1063 2117 Lucam.l
1107 2053 1212 2116 Lectio
1227 2053 1270 2134 ej.

362 2165 613 2295 conuocatis
629 2177 741 2228 autem
763 2166 853 2227 lesus
869 2165 1044 2228 duodecim
1069 2165 1284 2246 apostolis
1305 2165 1565 2244 fragmentorum

442 2253 574 2333 cophini
593 2252 658 2332 .xij.

683 2395 715 2464 {l
739 2388 847 2452 Lectio
862 2389 918 2470 ,iij
932 2391 1105 2451 secundum
1122 2389 1265 2454 Lucam.5

367 2501 519 2630 ΑΝιιο
534 2502 652 2582 quinto
668 2501 799 2563 decimo
815 2501 944 2600 imperij
961 2501 1084 2583 Tiberij
1097 2501 1227 2566 Cesaris
1241 2510 1438 2583 procurante
1450 2499 1569 2563 Pontio

456 2589 562 2651 Pnato
581 2587 718 2650 ludeam
734 2598 768 2651 et
784 2588 916 2669 reliqua.

704 2724 853 2787 Homilia
867 2726 974 2788 sancti
989 2725 1019 2788 G
1021 2725 1144 2808 regon'j
1147 2737 1237 2807 pape.

444 2838 532 2900 Mnis
558 2837 651 2899 vallis
668 2837 858 2917 implebitur
882 2846 914 2899 et
941 2838 1051 2899 omnis
1068 2858 1164 2899 mons
1179 2848 1213 2900 et
1228 2838 1320 2899 collis
1336 2835 1570 2900 humiliabitur.

456 2922 547 3006 Quid
585 2923 647 2986 hoc
694 2923 766 2986 loco
812 2924 945 2986 vallium
985 2926 1121 2986 nomine
1158 2925 1219 2987 nisi
1257 2921 1418 2986 humile⁶?
1478 2921 1569 3004 Quid

367 3013 531 3073 montium
563 3021 597 3072 et
627 3010 769 3080 collium.
801 3011 862 3072 nisi
901 3011 1033 3092 superbi
1073 3010 1224 3073 homines
1258 3009 1480 3090 designantur.
1530 3008 1568 3070 ln

364 3098 514 3161 aduentu
548 3098 647 3180 igitur
672 3098 889 3179 redemptoris
916 3099 1019 3162 nostri
1046 3098 1149 3160 valles
1174 3098 1309 3180 implete
1336 3107 1413 3160 sunt
1439 3105 1571 3158 montes

365 3205 445 3248 vero
457 3194 490 3247 et
502 3184 603 3247 colles
618 3184 782 3247 humiliati
792 3195 878 3257 sunt,
889 3185 967 3265 quia
983 3186 1078 3248 iuxta
1093 3205 1209 3247 vocem
1224 3185 1382 3260 eiusdem,
1394 3183 1503 3245 omnis
1513 3183 1569 3264 qui

365 3292 403 3333 se
426 3271 556 3333 exaltat
583 3271 819 3347 humiliabitur,
842 3281 876 3333 et
900 3272 956 3352 qui
981 3292 1017 3334 se
1039 3271 1191 3334 humiliat
1207 3269 1417 3334 exaltabitur.
1463 3267 1571 3332 Vallis

366 3359 491 3420 etenim
509 3357 647 3439 impleta
663 3358 788 3433 crescit,
801 3378 898 3420 mons
914 3368 1026 3422 autem
1042 3368 1076 3421 et
1091 3358 1183 3420 collis
1199 3358 1392 3421 humiliatus
1401 3356 1571 3419 decrescit.

363 3443 456 3526 Quia
473 3445 627 3507 nimirum
645 3445 676 3506 in
695 3443 760 3507 fide
775 3445 967 3509 mediatoris
981 3446 1036 3508 dei
1051 3455 1085 3508 et
1100 3443 1437 3520 hominum‚hominis
1449 3443 1571 3508 Christi

370 3532 455 3606 lesu,
485 3542 518 3594 et
545 3532 715 3612 gentilitas
745 3531 985 3612 plenitudinem
1017 3533 1122 3612 gratie
1151 3529 1290 3613 accept.7
1316 3541 1350 3594 et
1379 3530 1483 3594 ludea
1514 3551 1572 3612 per

363 3637 511 3680 errorem
537 3616 672 3699 perfidie
695 3616 758 3680 hoc
781 3619 869 3681 vnde
884 3618 1036 3682 tumebat
1052 3619 1203 3701 perdidit.
1248 3617 1368 3682 Omnis
1383 3638 1463 3699 ergo
1477 3616 1572 3680 vallis

366 3704 568 3787 implebitur,
583 3706 661 3786 quia
687 3705 788 3767 corda
814 3705 989 3767 humilium
1016 3725 1074 3787 per
1097 3716 1211 3768 sancte
1238 3704 1387 3767 doctrine
1402 3704 1571 3786 eloquium

365 3792 527 3854 virtutum
552 3792 659 3873 gratia
687 3789 924 3873 replebuntur,⁸
939 3793 1034 3855 iuxta
1049 3793 1112 3854 hoc
1127 3792 1217 3873 quod
1234 3793 1393 3874 scriptum
1410 3801 1481 3854 est:
1506 3790 1572 3873 Qui

366 3878 493 3941 emittis
524 3878 633 3941 sontes
664 3879 695 3940 in
734 3878 948 3942 conuallibus.
996 3880 1042 3942 Et
1081 3877 1157 3941 inde
1196 3899 1323 3941 rursum
1363 3878 1501 3941 dicitur:
1539 3892 1572 3940 et

364 3963 550 4028 conualles⁹
578 3964 798 4029 abundabunt
828 3964 1002 4029 frumento
1049 3967 1081 4028 A
1113 3966 1282 4031 montibus
1312 3985 1456 4046 namque
1487 3985 1574 4046 aqua

368 4050 571 4114 dilabitur¹⁰z
594 4054 673 4133 quia
688 4053 847 4135 superbas
866 4063 995 4116 mentes
1021 4054 1169 4116 veritatis
1195 4053 1344 4116 doctrina
1369 4051 1499 4127 deserit,
1515 4053 1573 4114 sed

369 4137 479 4201 sontes
507 4141 539 4201 in
567 4138 774 4202 conuallibus
800 4149 949 4222 surgunt,
973 4141 1051 4221 quia
1077 4150 1205 4203 mentes
1236 4140 1409 4203 humilium
1435 4139 1572 4202 verbum

369 4225 586 4308 predicatoris
611 4224 752 4288 audiunt
776 4236 810 4289 et
836 4227 1011 4307 accipiunt.
1060 4227 1132 4289 lam
1157 4226 1309 4290 videmus
1324 4228 1389 4289 iam
1406 4226 1576 4289 conualles

370 4311 539 4375 frumento
555 4311 726 4376 abundare
741 4314 971 4395 conspicimus,
982 4315 1062 4396 quia
1074 4313 1203 4376 illorum
1215 4334 1273 4375 ora
1289 4312 1412 4396 pabulo
1428 4313 1575 4376 veritatis

370 4399 510 4480 impleta
534 4412 612 4462 sunt
636 4400 714 4480 quia
740 4401 837 4462 mites
861 4421 899 4461 ac
922 4400 1090 4482 simplices
1113 4401 1188 4463 huic
1212 4401 1338 4463 mundo
1357 4399 1576 4482 despicabiles

420 4524 428 4555 ¹
445 4541 482 4574 ca.
497 4529 568 4589 34in
581 4544 613 4577 m.
627 4527 721 4588 [xxxiv.
739 4527 821 4588 1-16.]
990 4527 1002 4557 ²
1018 4529 1080 4589 [vm
1093 4528 1196 4605 40-56.]

417 4591 429 4619 '
417 4591 538 4652 [xxxiv.
556 4603 601 4667 17-
602 4593 656 4655 31.]
991 4592 1081 4687 ⁴Cap.
1095 4606 1119 4656 9.
1133 4595 1206 4642 inm.
1220 4595 1264 4655 [ix.
1282 4595 1364 4655 1-17]

418 4655 510 4731 Cap.
525 4671 548 4720 3.
563 4661 636 4706 inm.
993 4656 1054 4706 So
1064 4661 1116 4708 also
1127 4656 1166 4721 38
1179 4660 1303 4709 humiles:
1322 4671 1361 4722 39.
1375 4669 1421 4709 etc

418 4720 537 4771 T'hus:
555 4723 667 4787 accepit:
686 4723 724 4786 38
739 4733 785 4772 etc.
994 4722 1202 4788 ⁸:explebuntur
1221 4725 1260 4788 38.

419 4785 540 4837 ’zmttes
559 4800 597 4850 39
612 4801 651 4847 41.
983 4787 1003 4819 ¹⁰
1019 4789 1158 4839 delabitur.
1177 4803 1216 4853 39.
1230 4803 1270 4850 41.
1306 4789 1468 4839 dilatabitur.
1486 4803 1526 4850 44.
