3992 5759
509 726 627 778 FBRIA
663 729 690 778 V.
721 728 942 779 DOMINICAE
968 729 988 778 I
991 729 1018 778 V.
1051 729 1388 790 QUADRAGESIMAE.
1505 741 1550 791 1¹3

342 889 500 962 parentes
525 880 598 943 eius
620 889 657 942 vt
681 901 778 945 cecus
804 887 1019 945 nasceretur?
1064 881 1252 964 Respondit
1281 881 1396 945 lesus:
1432 882 1552 962 Neque

340 966 398 1029 hic
424 968 585 1048 peccauit,
599 974 716 1048 neque
735 977 888 1050 parentes
913 968 1009 1050 eius.)
1055 967 1146 1051 Quid
1172 978 1222 1031 est
1245 968 1308 1031 hoc
1331 968 1421 1050 quod
1437 968 1553 1031 dixit?

343 1051 382 1117 Si
398 1052 508 1116 nullus
523 1053 626 1117 homo
650 1054 721 1117 sine
747 1066 894 1138 peccato,
909 1054 1059 1136 nunquid
1087 1064 1240 1137 parentes
1266 1055 1363 1118 huius
1386 1055 1454 1118 ceci
1479 1056 1552 1118 sine

342 1149 483 1221 peccato
504 1146 624 1204 erant?
671 1141 832 1223 Nunquid
857 1143 927 1226 ipse
942 1142 993 1204 vel
1019 1143 1090 1204 sine
1113 1141 1264 1223 originali
1290 1149 1425 1224 peccato
1451 1151 1551 1204 natus

341 1236 425 1304 erat,
451 1227 504 1289 vel
534 1227 679 1291 viuendo
709 1229 789 1291 nihil
819 1227 1020 1292 addiderat?
1080 1229 1136 1291 An
1167 1230 1245 1310 quia
1274 1228 1388 1292 oculos
1420 1229 1551 1291 clausos

341 1312 490 1377 habebat
515 1315 791 1397 concupiscentie,
806 1317 943 1379 minime
958 1315 1141 1396 vigilabat?
1187 1315 1323 1397 Quanta
1346 1315 1434 1378 enim
1462 1315 1550 1378 mala

341 1401 412 1463 ceci
428 1401 666 1465 committunt?
711 1402 743 1464 A
759 1399 838 1485 quol
850 1403 939 1466 malo
954 1402 1100 1465 abstinet
1116 1422 1210 1465 mens
1226 1402 1314 1465 mala
1329 1402 1429 1465 etiam
1446 1403 1551 1465 oculis

342 1485 489 1550 clausis?
550 1488 627 1551 Non
681 1500 811 1571 poterat
852 1489 972 1566 videre,
1016 1491 1075 1552 sed
1128 1498 1266 1553 nouerat
1317 1490 1473 1571 cogitare,
1517 1498 1552 1552 et

343 1573 431 1636 sorte
456 1575 689 1656 concupiscere
716 1576 841 1657 aliquid
858 1577 947 1657 quod
963 1596 1060 1639 cecus
1077 1595 1141 1638 non
1160 1587 1272 1658 posset
1290 1576 1436 1657 implere.
1482 1574 1551 1639 Sed

342 1660 377 1723 in
393 1661 494 1724 corde
520 1660 656 1724 iudicari
671 1683 691 1725 a
707 1663 799 1725 nullo
815 1673 946 1745 potest:
970 1664 1032 1726 nisi
1048 1684 1068 1726 a
1084 1663 1192 1725 cordis
1219 1672 1468 1745 perscrutatore.
1514 1661 1551 1726 Si

342 1767 427 1830 ergo
462 1757 497 1810 et
533 1759 687 1830 parentes
724 1751 795 1812 eius
833 1750 1019 1814 habuerunt
1057 1759 1241 1832 peccatum,
1270 1759 1304 1812 et
1334 1751 1396 1813 iste
1434 1749 1553 1813 habuit

342 1844 541 1916 peccatum:
579 1855 682 1916 quare
710 1837 867 1899 dominus
905 1837 1001 1914 dixit,
1031 1858 1140 1918 neque
1170 1836 1223 1898 hic
1253 1838 1405 1918 peccauit
1442 1856 1553 1917 neque

342 1931 498 2002 parentes
524 1922 595 1985 eius
620 1923 681 1984 nisi
709 1925 751 1986 ad
780 1944 847 1986 rem
879 1924 921 1986 de
951 1945 1018 2006 qua
1049 1925 1270 2004 interrogatus
1300 1932 1359 2000 est,
1389 1932 1424 1984 vt
1454 1944 1551 1986 cecus

341 2013 555 2072 nasceretur?
602 2009 784 2072 Habebunt
800 2012 888 2073 enim
917 2020 1070 2093 parentes
1094 2012 1164 2073 eius
1189 2022 1384 2092 peccatum:
1408 2009 1466 2073 sed
1483 2030 1550 2072 non

339 2094 416 2176 ipso
431 2106 569 2174 peccato
585 2096 708 2159 lactum
725 2108 784 2167 est.
800 2109 836 2160 vt
851 2117 948 2159 cecus
964 2095 1172 2161 nasceretur.²

887 2232 1009 2297 Oratio.

350 2341 489 2470 DEus
520 2344 576 2424 qui
614 2348 648 2406 'et
679 2345 773 2407 iustis
803 2347 930 2426 premia
960 2347 1151 2408 meritorum
1176 2356 1210 2408 et
1236 2345 1464 2428 peccatoribus
1494 2365 1554 2428 per

433 2430 591 2493 ieiunium
608 2432 739 2494 veniam
760 2431 885 2514 prebes,
902 2433 1054 2496 miserere
1081 2432 1284 2514 supplicibus
1300 2434 1374 2509 tuis,
1389 2442 1425 2494 vt
1441 2442 1554 2495 reatus

341 2516 446 2579 nostri
463 2518 646 2581 confessio:
669 2520 911 2600 indulgentiam
928 2520 1095 2601 percipere
1109 2517 1241 2581 valeat³
1287 2519 1356 2583 Per.

646 2661 678 2731 (Ι
694 2655 793 2717 Ferio
809 2676 846 2718 o.
863 2675 897 2716 ei
912 2653 1055 2718 ornent-¹
1098 2655 1205 2717 Lectio
1217 2655 1246 2718 ,ιζ

347 2766 448 2894 AT
466 2767 528 2843 ille,
546 2767 669 2831 Seruus
686 2769 803 2848 inquit,
819 2766 992 2830 Abraham
1009 2788 1081 2830 sum
1158 2768 1227 2830 siue
1242 2767 1285 2830 ad
1303 2767 1477 2830 sinistram.

637 2973 669 3043 (I
684 2967 741 3030 Ex
753 2966 905 3049 Epistolo
920 2965 1048 3029 Iacobi.⁶
1092 2965 1198 3029 Lectio
1214 2968 1256 3049 ij.

350 3078 518 3207 NOlitc
542 3079 651 3161 plures
677 3081 827 3160 magistri
843 3079 911 3141 fieri
987 3079 1020 3141 in
1038 3100 1119 3162 pace
1147 3081 1329 3143 seminatur
1355 3079 1554 3142 iacientibus

439 3186 566 3248 pacem.

633 3297 666 3366 (Ι
688 3290 719 3352 T
715 3287 812 3352 ertia⁷
827 3291 915 3352 lectio
929 3290 1102 3353 seoindum
1118 3288 1264 3353 lucano

412 3403 449 3465 ln
474 3403 530 3466 illo
548 3413 708 3485 tempore,
727 3402 801 3465 Ibat
828 3402 919 3464 lesus
938 3404 971 3463 in
996 3403 1166 3464 ciuitatem
1183 3422 1248 3483 que
1274 3411 1412 3465 vocatur
1429 3403 1552 3485 Naym,

342 3498 377 3550 et
393 3489 488 3552 ibant
502 3510 579 3551 cum
595 3510 635 3552 eo
651 3490 803 3572 discipuli
819 3491 889 3551 eius
904 3501 937 3552 et
953 3491 1051 3551 turba
1067 3489 1210 3571 copiosa.
1257 3490 1301 3552 Et
1318 3489 1450 3570 reliqua.

604 3624 780 3708 Homelt'o†
794 3626 902 3689 sancti
913 3623 1115 3706 Augustino
1129 3625 1287 3707 Episcopi.

348 3739 463 3868 ch
494 3738 586 3801 locus
611 3738 655 3801 ad
680 3749 855 3818 utramque
885 3738 1049 3801 redundat
1079 3737 1258 3819 gratiam‚¹⁰
1279 3737 1337 3802 et¹¹
1369 3740 1435 3802 cito
1458 3738 1547 3804 flecti

440 3826 587 3888 diuinam
605 3824 861 3889 misericordiam
879 3827 993 3887 matris
1005 3825 1103 3887 vidue
1115 3825 1353 3888 lamentatione
1365 3825 1550 3903 credamus

339 3912 413 3976 eius
425 3914 580 3996 precipue
596 3933 660 3994 que
676 3910 796 3975 νηίεεῐ12
808 3911 863 3993 filij
879 3912 930 3975 vel
947 3911 1059 3973 labore
1070 3912 1121 3974 vel
1140 3923 1244 3974 morte
1261 3912 1439 3993 frangatur.
1485 3914 1547 3978 Cui

340 4009 456 4063 tamen
487 4000 586 4062 vidue
615 3999 789 4081 grauitatis
820 3999 972 4061 meritum
1011 4000 1228 4080 exequiarum
1260 3999 1356 4061 turba
1386 4002 1548 4064 conciliet.

342 4087 389 4150 Et
411 4087 499 4150 hanc
523 4088 658 4149 viduam
687 4084 883 4168 populorum
908 4084 1066 4147 turbam¹³
1089 4100 1217 4167 septam
1245 4086 1319 4168 plus
1345 4087 1448 4149 videri
1475 4108 1547 4150 esse

341 4193 444 4256 quam
472 4173 629 4236 feminam
661 4193 726 4254 que
756 4173 1025 4234 resurrectionem
1055 4173 1140 4235 vnici
1167 4173 1387 4235 adolescentis
1414 4173 1470 4254 filij
1497 4176 1546 4237 sui

341 4260 520 4342 lachrymis
544 4269 706 4322 meruerat
723 4261 907 4341 impetrare,
923 4279 964 4321 co
979 4258 1070 4340 quod
1085 4270 1202 4321 sancta
1225 4259 1362 4322 ecclesia
1386 4261 1552 4343 populum.

391 4394 400 4426 ¹
417 4397 502 4446 enim:
519 4400 575 4446 add.
589 4397 629 4459 63.
906 4369 908 4372 V
992 4394 1004 4425 ²
1020 4395 1140 4444 Miserere
1153 4406 1190 4457 50.
1205 4396 1260 4444 add.
1275 4395 1314 4457 63.

389 4460 401 4493 ³
417 4462 582 4512 delictorum:
600 4463 655 4511 add
670 4473 709 4523 39.
721 4471 767 4508 etc.
992 4459 1003 4489 ⁴
1019 4460 1095 4520 [xxiv.
1111 4461 1213 4521 34-49.]

390 4525 401 4557 ⁸
417 4528 499 4576 beati:
515 4529 570 4576 add.
585 4527 624 4575 60.
638 4525 677 4575 61.
692 4525 732 4587 64.
989 4523 1000 4553 ⁶
1017 4525 1079 4589 Cap.
1095 4537 1117 4586 3.
1133 4527 1162 4572 in
1174 4542 1206 4574 m.
1221 4525 1265 4585 [iii.
1284 4523 1366 4586 1-18.]

389 4591 453 4657 ⁷ij:
471 4592 511 4641 66.
991 4588 1063 4639 ⁸Ca.
1079 4601 1101 4651 7.
1116 4592 1145 4638 in
1157 4607 1189 4639 m.

389 4655 562 4707 'Ambrosih
580 4668 619 4720 39.
633 4665 680 4706 etc.
981 4652 1002 4684 ¹⁰
1019 4664 1062 4703 vt:
1080 4657 1136 4704 add.
1151 4667 1190 4717 39.
1204 4668 1244 4716 41.
1259 4655 1298 4704 60.
1313 4655 1352 4705 61.
1366 4656 1405 4716 64.

379 4720 398 4752 ¹¹
415 4733 460 4772 vt:
478 4723 518 4786 63.
983 4717 1003 4748 ¹²
1019 4720 1101 4769 vnici:
1120 4732 1153 4782 39
1163 4729 1209 4770 etc.

378 4784 399 4817 ¹²
415 4787 505 4838 turbe:
523 4800 561 4850 39.
575 4800 615 4848 41·
630 4799 669 4850 43.
683 4799 723 4849 49.
737 4787 776 4836 60.
791 4785 831 4836 61.
846 4784 885 4848 63.
900 4785 939 4846 ⁶4·
953 4784 993 4834 66.

385 4867 415 4918 B.
432 4866 464 4918 R.
482 4867 517 4916 N.
1401 4865 1418 4915 1
