3992 5759
913 747 1084 798 LITANIA.
1553 763 1602 815 399

458 907 499 976 R.
523 902 715 967 Retribuere
730 901 869 984 dignare
883 900 1020 964 domine
1030 901 1186 964 omnibus
1195 902 1292 965 nobis
1304 902 1392 967 bona
1402 903 1599 968 facientibus

393 1002 528 1074 propter
544 1008 666 1053 nomen
682 999 777 1052 tuum
793 988 896 1050 vitain
912 997 1071 1052 eternam.
1115 988 1238 1053 Amen.

459 1080 499 1140 V.
523 1077 668 1141 Oremus
685 1095 744 1157 pro
760 1072 912 1137 fidelibus
927 1074 1101 1138 defunctis

457 1167 497 1236 R.
523 1164 685 1246 Requiem
698 1172 847 1225 eternam
862 1160 952 1223 dona
963 1163 1011 1224 eis
1022 1161 1157 1225 domine
1172 1186 1180 1226 ε
1195 1171 1229 1226 et
1244 1162 1304 1226 lux
1316 1173 1475 1247 perpetua
1491 1165 1600 1230 luceat

391 1252 451 1315 eis,
497 1251 721 1333 Requiescant
737 1249 770 1311 in
788 1268 877 1330 pace.
921 1251 962 1320 R.
984 1247 1108 1312 Amen.

459 1340 500 1402 ff.
524 1339 588 1401 Pro
604 1336 758 1400 iratribus
773 1336 894 1398 nostris
909 1335 1111 1398 absentibus

459 1428 499 1497 R.
523 1423 644 1489 Saluos
660 1422 712 1485 fac
726 1442 840 1485 seruos
854 1432 930 1484 tuos
944 1421 1028 1485 deus
1044 1441 1138 1484 meus
1152 1433 1324 1505 sperantes
1340 1423 1373 1486 iii
1390 1434 1432 1488 te.

459 1514 500 1576 V.
525 1512 623 1574 Mitte
638 1511 686 1573 eis
701 1510 837 1572 domine
851 1508 1015 1572 auxilium
1031 1508 1075 1572 de
1090 1520 1216 1574 sancto.

458 1602 500 1671 R.
524 1599 570 1661 Et
584 1598 627 1661 de
643 1595 725 1661 Sion
741 1607 833 1659 tuere
847 1615 914 1658 eos.

459 1688 499 1750 V.
523 1684 669 1747 Domine
683 1682 807 1747 exaudi
823 1683 1007 1745 orationem
1018 1703 1137 1746 meam.

459 1775 500 1844 R.
524 1773 570 1834 Et
584 1771 710 1834 clamor
725 1789 819 1832 meus
834 1769 877 1832 ad
894 1780 927 1832 te
942 1768 1065 1832 veniat.

845 1941 998 2006 Oremus
1045 1941 1168 2007 Oratio.

400 2056 540 2186 DEus
562 2057 614 2120 cui
642 2055 814 2156 proprium
844 2067 895 2118 est
917 2055 1061 2117 misereri
1091 2074 1230 2138 semper,
1251 2065 1286 2118 et
1309 2075 1450 2139 parcere,
1472 2058 1603 2142 suscipe

482 2144 750 2226 deprecationem
761 2151 908 2205 nostram
926 2138 993 2203 :etl
1009 2161 1071 2204 nos
1086 2151 1120 2204 et
1135 2162 1252 2205 omncs
1264 2142 1407 2207 famulos
1422 2155 1506 2223 tuos,
1517 2165 1602 2227 quos

392 2231 588 2295 delictorum
610 2239 728 2293 catena
743 2229 940 2310 constringit
955 2252 963 2291 ε
979 2229 1147 2291 miseratio
1162 2239 1219 2292 tue
1235 2230 1367 2311 pietatis
1382 2230 1544 2296 absoluat

939 2388 1063 2453 Oratio,

465 2504 578 2566 Xaudi
594 2522 775 2586 quesumus
791 2501 926 2564 domine
952 2500 1141 2583 supplicum
1158 2522 1273 2584 preces
1290 2513 1346 2566 :et
1369 2503 1600 2570 confitentium

479 2592 539 2655 tibi
564 2610 663 2673 parce
688 2590 833 2672 peccatis
849 2598 907 2651 :vt
933 2590 1056 2671 pariter
1070 2586 1179 2651 ‘nobis
1203 2588 1461 2672 indulgentiam'
1475 2593 1601 2657 tribuas

396 2678 569 2761 benignus,
584 2688 618 2740 et
634 2696 762 2760 pacem.

887 2810 918 2872 A
922 2807 983 2871 lia³
997 2810 1110 2875 oratio.

436 2925 636 2989 Neisabilem
677 2923 773 2986 nobis
809 2922 946 2985 domine
989 2922 1250 2986 misericordiam
1288 2932 1381 2986 tuam
1420 2923 1601 2990 clementer

447 3012 597 3088 ostende,
619 3020 654 3074 vt
669 3009 767 3072 simul
784 3028 844 3072 nos
859 3018 893 3072 et
908 3029 929 3070 a
945 3009 1090 3092 peccatis
1104 3009 1262 3073 omnibus
1277 3029 1383 3074 exuas
1399 3035 1406 3074 :
1421 3022 1455 3074 et
1470 3032 1491 3074 a
1506 3016 1600 3096 penis

392 3119 477 3181 quas
493 3119 553 3182 pro
569 3100 620 3161 his
637 3116 801 3162 meremur
817 3096 969 3178 :eripias

941 3230 1065 3296 Oratio.

471 3347 550 3423 Eus,
564 3347 621 3429 qui
637 3345 735 3427 culpa
757 3342 944 3418 offenderis,
959 3343 1142 3426 penitentia
1165 3342 1328 3425 placaris:
1351 3365 1464 3428 preces
1487 3349 1600 3430 populi

483 3436 531 3497 tui
554 3431 772 3515 supplicantis
796 3431 955 3513 propitius
977 3431 1103 3512 respice
1119 3440 1175 3493 :et
1191 3429 1322 3513 flagella
1345 3442 1401 3496 tue
1424 3434 1602 3510 iracundie,

394 3540 460 3602 que
476 3541 536 3603 pro
551 3520 696 3603 peccatis
713 3517 833 3581 nostris
848 3537 1022 3591 meremur,
1037 3525 1159 3579 auerte.

941 3677 1064 3743 Oratio.

397 3793 665 3924 OMnipotens
680 3792 879 3873 sempiterne
902 3790 985 3853 deus
1001 3791 1156 3853 miserere
1178 3790 1293 3854 famuli
1309 3793 1356 3855 tui
1373 3813 1459 3876 pape
1475 3796 1577 3858 nostri
1595 3820 1602 3858 t

483 3890 517 3943 et
540 3881 645 3962 dirige
667 3899 744 3942 euin
767 3877 950 3941 secundum
966 3887 1060 3940 tuarn
1083 3877 1295 3940 clementiam
1319 3882 1351 3941 iii
1375 3881 1463 3943 viam
1486 3882 1602 3945 salutis

394 3976 508 4116 eterpe
532 3983 611 4116 istm
641 3977 674 4029 te
711 3966 859 4028 donante
897 3964 957 4027 tibi
995 3963 1118 4046 placita
1149 3965 1270 4047 cupiat,
1307 3977 1342 4028 et
1371 3977 1443 4030 tota
1481 3969 1602 4032 virtute

396 4075 530 4135 procia

941 4186 1064 4252 Oratio

404 4302 542 4431 DEus
573 4322 592 4364 a
618 4321 686 4382 quo
713 4310 827 4363 sancta
857 4298 1030 4374 desideria,
1047 4298 1150 4362 recto⁵
1180 4299 1327 4375 consilia,
1344 4310 1377 4364 et
1408 4303 1494 4365 iusta
1524 4314 1602 4367 sunt

485 4409 585 4471 opera
602 4389 668 4452 :da
690 4389 793 4450 seruis
815 4388 882 4450 tuis
897 4387 997 4461 illam,
1012 4405 1115 4467 quain
1140 4386 1284 4450 mundus
1298 4386 1378 4451 dare
1401 4409 1467 4451 non
1492 4402 1603 4472 potest

397 4496 512 4557 pacem
532 4487 590 4538 :vt
621 4486 655 4538 et
684 4474 785 4537 corda
815 4483 928 4536 nostra
952 4472 1120 4535 mandatis
1145 4475 1210 4535 tuis
1236 4473 1351 4537 dedita
1368 4485 1425 4537 :et
1454 4474 1600 4540 hostium

395 4562 529 4625 sublata
544 4561 729 4637 formidine,
744 4570 895 4643 tempora
911 4561 977 4622 sint
993 4569 1051 4622 tua
1067 4561 1272 4642 protectione
1287 4560 1474 4644 tranquilla

445 4669 787 4748 ¹v1²3934b49⁶t2Q
934 4735 940 4745 ι
1066 4735 1071 4745 Ι
1179 4736 1185 4745 Ι

442 4736 496 4775 ²-2’
512 4740 585 4788 nobis
601 4747 627 4786 et
643 4736 839 4800 indulgentiam:
857 4733 896 4798 38.
933 4735 993 4785 indu
1021 4745 1114 4784 entiam
1126 4735 1216 4785 uobis:
1234 4747 1274 4800 39.
1402 4734 1476 4786 ⁸0m.
1490 4751 1530 4802 39.
1544 4753 1584 4801 41.

442 4803 654 4873 ‘perficiatz3p
669 4799 979 4864 4i.44496o61.63.
1270 4798 1500 4867 ’Μηδεὶς
