3992 5759
592 738 784 789 0011!ch
816 738 957 788 TERTIA
988 738 1324 800 QUADRAGESIMAE.
1517 751 1562 803 103

485 955 519 1025 (I
530 949 679 1032 Epistola
690 950 776 1014 beati
787 949 924 1013 Ioannis
937 950 1074 1032 apostoli
1079 949 1214 1032 primo.l
1258 951 1365 1014 Lectio
1380 951 1423 1032 nj.

430 1078 509 1178 ll⁰d
526 1077 588 1229 [Ἧι
603 1079 648 1142 ab
663 1079 766 1155 initio,
781 1077 873 1161 quod
889 1077 1079 1141 audiuimus
1158 1079 1296 1142 verbum
1322 1080 1392 1142 eius
1420 1099 1486 1141 non
1510 1088 1562 1143 est

452 1186 485 1227 m
503 1186 546 1228 no
571 1185 606 1229 rs.

653 1351 687 1421 (I
707 1346 819 1408 Tertia
833 1345 939 1408 Lectio
953 1346 1126 1408 sedendum
1141 1343 1287 1410 Lucam.²

363 1474 431 1601 IN
449 1473 507 1536 illo
522 1483 692 1556 tempore:
716 1474 799 1574 lirat
825 1474 917 1537 lesus
939 1473 1075 1554 eijciens
1098 1473 1301 1551 demonium,
1324 1483 1358 1537 et
1383 1473 1465 1537 illud
1488 1483 1560 1537 erat

420 1570 560 1624 mutum.
609 1562 655 1624 Et
671 1561 806 1641 reliqua.

597 1740 767 1814 Homelial
781 1738 900 1803 sanctii
916 1740 1116 1820 Hieronymi
1127 1741 1313 1821 presbytcri.

427 1871 505 1933 Vnc
520 1870 652 1934 oblatus
667 1882 718 1934 est
736 1872 811 1934 lesu
828 1868 1065 1933 demoniacus:
1084 1872 1234 1934 existens
1257 1892 1352 1934 cecus
1376 1882 1409 1934 et
1432 1882 1561 1935 mutus:

449 1967 484 2021 et
499 1959 628 2020 curauit
643 1978 719 2021 eum
736 1959 782 2021 ita
797 1968 834 2020 vt
849 1957 1039 2038 loqueretur
1050 1967 1084 2020 et
1093 1959 1228 2021 videret.
1267 1958 1346 2020 Tria
1356 1961 1451 2042 signa
1463 1960 1560 2022 simul

357 2045 390 2106 in
419 2065 488 2106 vno
514 2044 650 2108 homine
674 2054 862 2127 perpetrata
887 2055 983 2107 sunt:
1011 2064 1107 2106 cecus
1133 2045 1233 2120 videt,
1260 2055 1372 2108 mutus
1399 2045 1563 2126 loquitur:

356 2151 532 2213 possessus
547 2152 567 2193 a
582 2133 727 2195 demone
742 2131 906 2195 liberatur.
951 2129 1053 2212 Quod
1070 2141 1149 2194 tunc
1166 2131 1340 2194 carnaliter
1356 2132 1562 2196 factumest:

356 2218 405 2280 sic
436 2218 586 2300 quotidie
617 2218 773 2301 impletur
803 2217 1017 2301 spiritualiter
1047 2219 1079 2280 in
1110 2219 1325 2281 conuersione
1349 2219 1564 2283 credentium.

358 2303 410 2367 Vt
424 2304 567 2388 expulso
589 2307 733 2368 demone
764 2307 906 2388 primum
935 2303 1012 2367 fidei
1029 2304 1140 2368 lumen
1166 2306 1360 2387 aspiciant:
1385 2305 1506 2368 deinde
1530 2307 1564 2368 in

357 2390 477 2455 laudes
491 2391 545 2455 dei
561 2393 707 2455 tacentia
723 2394 812 2473 prius
827 2413 886 2454 ora
901 2392 1064 2455 laxentur.
1091 2391 1183 2454 lesus
1199 2402 1311 2454 autem
1325 2393 1430 2455 sciens
1440 2394 1565 2476 cogita·

356 2479 468 2542 tiones
490 2498 606 2542 eorum
632 2478 722 2542 dixit
747 2480 803 2542 eis.
848 2478 960 2542 Omne
976 2499 1115 2560 regnum
1131 2480 1275 2542 diuisum
1291 2490 1406 2542 contra
1421 2500 1457 2542 se
1472 2479 1566 2543 deso
1598 2520 1602 2532 ·

360 2564 492 2628 labitur.
525 2566 639 2629 Turbe
655 2566 835 2648 stupebant
851 2577 884 2628 et
901 2565 1146 2629 confitebantur
1157 2565 1247 2627 eum⁵
1261 2567 1354 2647 (quia
1366 2575 1460 2630 tanta
1472 2568 1567 2649 signa

359 2651 520 2731 faciebat)
538 2652 642 2716 filium
661 2652 781 2715 Dauid.
828 2652 974 2715 Pharisei
990 2673 1069 2716 vero
1084 2673 1186 2735 opera
1203 2652 1267 2715 Dei
1290 2653 1428 2735 principi
1453 2654 1566 2717 demo-

358 2740 491 2802 niorum
508 2739 726 2821 deputabant.
771 2737 902 2819 Quibus
919 2741 1075 2802 dominus
1091 2760 1157 2802 non
1175 2741 1217 2802 ad
1234 2740 1325 2801 dicta
1339 2741 1397 2802 sed
1414 2741 1457 2802 ad
1478 2742 1567 2824 cogi·

357 2835 431 2889 tata
456 2826 655 2906 respondet:
678 2836 715 2888 vt
739 2827 790 2888 vel
817 2828 864 2889 sic
889 2824 1145 2908 compellentur⁰
1169 2828 1302 2888 credere
1327 2828 1475 2909 potentie
1499 2829 1568 2890 eius

358 2914 416 2995 qui
433 2914 543 2976 cordis
559 2913 696 2976 videbat
712 2914 849 2976 occulta.
896 2912 931 2977 Si
957 2924 1092 2976 satanas
1117 2922 1268 2975 satanam
1294 2915 1383 2992 eijcit
1410 2915 1568 2977 aduersus

360 3020 398 3062 se
413 2998 541 3063 diuisus
557 3009 616 3063 est.
663 2999 845 3081 Quomodo
856 3021 936 3081 ergo
951 3000 1054 3062 stabit
1071 3020 1209 3083 regnum
1234 3001 1334 3062 eius?
1360 3001 1437 3063 Non
1459 3010 1570 3083 potest

359 3086 480 3150 ciuitas
496 3096 530 3150 et
546 3106 685 3169 regnum
702 3097 819 3149 contra
833 3107 869 3149 se
896 3086 1039 3149 diuisum
1062 3098 1157 3149 stare.
1204 3085 1271 3150 Sed
1296 3088 1465 3168 quomodo
1491 3108 1569 3150 con·

360 3172 475 3237 cordia
492 3194 594 3256 parue
611 3195 661 3236 res
677 3184 850 3237 crescunt:
866 3174 914 3236 sic
930 3173 1096 3236 discordia
1112 3175 1261 3236 maxime
1271 3174 1487 3238 collabuntur.
1533 3173 1568 3238 Si

361 3279 444 3343 ergo
459 3270 595 3322 satanas
612 3271 740 3342 pugnat
756 3272 872 3323 contra
896 3281 950 3323 se:
978 3273 1011 3322 et
1037 3261 1158 3323 demon
1182 3261 1335 3323 inimicus
1358 3272 1409 3323 est
1435 3262 1569 3323 demoni

361 3349 465 3410 debet
482 3347 548 3409 iam
566 3348 682 3409 mundi
699 3349 810 3409 venire
825 3347 1090 3410 consummatio:
1103 3368 1163 3409 nec
1180 3347 1339 3410 haberent
1356 3349 1387 3409 in
1405 3369 1445 3410 eo
1461 3348 1569 3410 locum

362 3432 553 3497 aduersarie
579 3444 779 3516 potestates:
795 3454 934 3515 quarum
951 3436 1036 3496 inter
1051 3455 1086 3495 se
1099 3433 1222 3496 bellum
1239 3455 1307 3515 pax
1324 3435 1495 3497 hominum
1512 3445 1570 3498 est

365 3520 402 3585 Si
433 3531 545 3583 autem
578 3522 703 3603 putatis
733 3541 754 3582 o
778 3521 884 3583 scribe
910 3531 944 3583 et
969 3521 1132 3602 pharisei:
1157 3522 1233 3602 quia
1261 3522 1402 3584 recessio
1419 3523 1571 3585 demonis

365 3607 557 3670 obedientia
573 3609 615 3670 sit
631 3609 664 3669 in
682 3608 865 3690 principem
882 3628 978 3670 suum
996 3618 1032 3670 vt
1047 3607 1199 3669 homines
1224 3609 1414 3688 ignorantes
1439 3609 1571 3671 iraudu-

366 3694 458 3758 lenta
488 3694 701 3757 simulatione
728 3693 889 3757 deludat:
914 3694 993 3775 quid
1026 3696 1165 3776 potestis
1193 3696 1302 3757 dicere
1329 3696 1371 3756 de
1395 3716 1570 3777 corporum

364 3781 581 3844 sanitatibus:
597 3801 681 3862 quas
696 3782 852 3844 dominus
868 3782 1095 3863 perpetrauit?
1121 3781 1222 3843 Aliud
1239 3791 1290 3843 est
1305 3783 1331 3843 si
1348 3782 1572 3845 membrorum

366 3888 500 3951 quoque
516 3868 704 3931 debilitates
720 3879 753 3930 et
768 3868 988 3951 spiritualium
1018 3870 1178 3931 virtutum
1206 3870 1348 3950 insignia
1374 3870 1573 3933 demonibus

366 3952 564 4037 assignetis.7

910 4117 1033 4183 Oratio

443 4246 613 4309 Vesumus
629 4246 841 4328 omnipotens
858 4245 951 4308 Deus
967 4256 1045 4308 vota
1060 4244 1235 4307 humilium
1252 4246 1396 4326 respice:
1415 4256 1517 4328 atque
1533 4247 1576 4310 ad

458 4332 686 4396 defensionem
700 4343 848 4396 nostram
861 4332 1036 4395 dexteram
1047 4342 1104 4395 tue
1115 4333 1298 4394 maiestatis
1313 4331 1469 4396 extende.
1515 4334 1577 4396 Per

367 4421 552 4484 dominum.

420 4650 509 4717 ¹Cap
527 4665 537 4700 1
552 4652 581 4700 ιἰι
593 4668 625 4701 ιιι.
661 4651 789 4714 [i.1-1o.]
989 4649 1064 4702 ²Ca.
1082 4664 1117 4726 ¹.¹·
1133 4653 1162 4699 in
1174 4668 1206 4702 ιιι.
1462 4714 1468 4725 Ι

419 4715 431 4747 ³
446 4734 494 4766 om.
509 4730 548 4780 39.
992 4716 1003 4746 ⁴
1021 4717 1140 4793 aspiciat:
1158 4716 1197 4765 66.
1418 4712 1429 4744 ⁶
1446 4730 1486 4764 et:
1503 4713 1543 4764 66.

420 4780 432 4812 ⁸
448 4783 678 4848 compellerentur:
696 4794 736 4845 39.
750 4792 797 4833 etc.
993 4781 1004 4814 ⁷
1023 4783 1148 4832 Munere.
1165 4793 1203 4846 5ο.
1217 4783 1273 4831 add
1287 4781 1326 4845 63.
