3992 5759
730 708 917 761 OFFICIUM
927 709 1004 759 ΒΕΑ
1011 709 1085 759 TAE
1100 709 1260 762 MARIAE.
1550 723 1598 776 393

390 858 529 924 domino
544 858 669 924 nostrol
694 861 769 925 lesu
796 861 930 926 Christo
951 883 1009 927 ora
1025 883 1085 946 pro
1101 863 1234 946 populo,
1249 864 1410 928 interueni
1427 885 1487 947 pro
1501 863 1598 942 clero,

392 946 559 1011 intercede
575 968 635 1030 pro
650 947 772 1012 devoto
789 949 932 1014 femineo
947 950 1056 1014 sexu.⁴

935 1111 1059 1178 Oratin

400 1219 552 1349 BEate,
587 1229 622 1284 et
662 1220 812 1302 gloriose,
861 1243 1057 1306 semperque
1094 1225 1230 1307 virginis
1273 1224 1379 1288 Marie
1415 1244 1596 1307 quesumus

470 1305 605 1371 domine
646 1308 838 1372 intercessio
875 1309 1019 1392 gloriosa
1056 1331 1117 1375 nos
1148 1320 1318 1394 protegat:
1355 1319 1389 1374 et
1418 1310 1460 1374 ad
1491 1313 1594 1374 vitam

392 1392 552 1475 perducat
566 1404 723 1459 eternam.
770 1397 832 1459 Per
847 1395 1021 1460 dominum
1038 1407 1196 1463 nostrum.
1594 1405 1596 1409 ’

853 1563 887 1634 ([
909 1558 940 1620 A
945 1559 972 1621 d
982 1570 1136 1641 vesperas.

456 1665 619 1747 Hymnus.
665 1668 740 1732 Aue
757 1670 856 1732 maris
872 1669 966 1733 stella
981 1680 1043 1734 etc.
1059 1680 1216 1752 utsupra.

455 1754 655 1836 Anti'plrona.
700 1756 804 1819 Beata
831 1766 945 1833 mater,
968 1766 1003 1820 et
1026 1757 1179 1841 innupta²
1201 1759 1294 1841 virgo
1317 1757 1459 1842 gloriosa
1482 1759 1597 1841 regina

390 1840 506 1904 mundi
523 1841 689 1905 intercede
704 1864 764 1926 pro
780 1843 876 1906 nobis
890 1842 933 1906 ad
949 1843 1147 1910 dominum.³

460 3753 628 3818 Canticum
654 3753 848 3817 Sanctorum
864 3753 1079 3837 Ambrosijet
1092 3754 1280 3837 Augustini
1292 3761 1548 3816 transmutatum
1564 3752 1599 3814 in

391 3840 520 3990 laudeLm
537 3841 684 3991 igolplgose
722 3841 871 3924 Virginis
895 3842 1010 3905 Marie
1038 3843 1206 3906 dicendum
1230 3842 1265 3904 in
1291 3839 1399 3923 Officio
1423 3838 1601 3903 Sabbatino

385 3937 462 4009 post
505 3949 563 3991 eci
637 3979 644 3992 .

463 4039 493 4100 E
510 4049 650 4102 matrem
668 4039 732 4103 Dei
749 4039 933 4116 laudamus
949 4050 982 4103 te
999 4041 1142 4103 Mariam
1158 4041 1320 4123 virginem
1336 4037 1542 4104 confitemur.

477 4125 527 4188 Te
542 4127 646 4189 eterni
664 4128 765 4208 patris
781 4147 948 4209 sponsam,
963 4129 1073 4191 omnis
1089 4137 1174 4190 terra
1189 4137 1372 4191 veneratur.

459 4211 536 4275 Tibi
574 4232 692 4276 omnes
718 4213 839 4297 angeli,
864 4223 898 4277 et
928 4212 1127 4295 archangeli,
1150 4213 1210 4276 tibi
1240 4234 1357 4277 omnes
1387 4213 1601 4296 principatus,

393 4297 557 4362 humiliati
572 4299 728 4363 seruiunt.

459 4385 536 4449 Tibi
578 4406 695 4449 omnes
733 4396 923 4470 potestates
952 4396 987 4450 et
1024 4407 1165 4470 superne
1202 4387 1349 4464 virtutes,
1386 4386 1446 4449 tibi
1484 4405 1602 4449 omnes

394 4472 549 4536 caelorum
566 4472 812 4538 dominationes
827 4473 996 4538 obediunt.

441 4635 452 4733 i
467 4652 664 4764 osiidiinnm,
673 4712 785 4768 amongst
795 4704 876 4754 which
887 4721 931 4753 are
941 4717 981 4768 43.
996 4703 1036 4754 66.
1047 4636 1219 4754 ieiitiiriirti
1235 4675 1242 4688 ι
1253 4703 1453 4753 Bonaventuran
1464 4702 1502 4752 Te
1521 4703 1604 4754 Deum

392 4768 455 4818 with
466 4785 483 4818 a
494 4770 579 4819 mbric
590 4776 618 4817 at
628 4769 662 4818 its
672 4769 739 4818 head
743 4787 772 4819 as
780 4770 861 4821 below·
