<?xml version="1.0" encoding="UTF-8"?>
<!DOCTYPE html PUBLIC "-//W3C//DTD XHTML 1.0 Transitional//EN"
    "http://www.w3.org/TR/xhtml1/DTD/xhtml1-transitional.dtd">
<html xmlns="http://www.w3.org/1999/xhtml" xml:lang="en" lang="en">
 <head>
  <title>
</title>
<meta http-equiv="Content-Type" content="text/html;charset=utf-8" />
  <meta name='ocr-system' content='tesseract 3.04.00' />
  <meta name='ocr-capabilities' content='ocr_page ocr_carea ocr_par ocr_line ocrx_word'/>
</head>
<body>
  <div class='ocr_page' id='page_1' title='image "./secondrecension00churgoog_0034.png"; bbox 0 0 3992 5759; ppageno 0'>
   <div class='ocr_carea' id='block_1_1' title="bbox 434 1772 1656 2034">
    <p class='ocr_par' dir='ltr' id='par_1_1' title="bbox 434 1772 1656 2034">
     <span class='ocr_line' id='line_1_1' title="bbox 505 1772 1656 1863; baseline 0.002 -23"><span class='ocrx_word' id='word_1_1' title='bbox 505 1784 539 1853; x_wconf 69' lang='grc' dir='ltr'>(Ι</span> <span class='ocrx_word' id='word_1_2' title='bbox 561 1777 605 1863; x_wconf 83' lang='lat' dir='ltr'>In</span> <span class='ocrx_word' id='word_1_3' title='bbox 640 1776 786 1859; x_wconf 80' lang='lat' dir='ltr'><em>sequenti</em></span> <span class='ocrx_word' id='word_1_4' title='bbox 830 1774 1033 1850; x_wconf 83' lang='lat' dir='ltr'>Calendnre&#39;e,</span> <span class='ocrx_word' id='word_1_5' title='bbox 1069 1772 1199 1837; x_wconf 73' lang='lat' dir='ltr'><em>milnet</em></span> <span class='ocrx_word' id='word_1_6' title='bbox 1225 1775 1314 1855; x_wconf 87' lang='lat' dir='ltr'><em>festo</em></span> <span class='ocrx_word' id='word_1_7' title='bbox 1350 1775 1480 1840; x_wconf 83' lang='lat' dir='ltr'><em>lrabente</em></span> <span class='ocrx_word' id='word_1_8' title='bbox 1520 1778 1656 1860; x_wconf 83' lang='lat' dir='ltr'>aliquid</span> 
     </span>
     <span class='ocr_line' id='line_1_2' title="bbox 434 1861 1649 1948; baseline 0.001 -21"><span class='ocrx_word' id='word_1_9' title='bbox 434 1862 628 1948; x_wconf 74' lang='lat' dir='ltr'>proprenne‚¹</span> <span class='ocrx_word' id='word_1_10' title='bbox 652 1864 909 1945; x_wconf 78' lang='lat' dir='ltr'><em>apponiturque</em></span> <span class='ocrx_word' id='word_1_11' title='bbox 928 1861 1016 1942; x_wconf 78' lang='lat' dir='ltr'><em>solt&#39;o</em></span> <span class='ocrx_word' id='word_1_12' title='bbox 1038 1861 1079 1923; x_wconf 85' lang='lat' dir='ltr'>id</span> <span class='ocrx_word' id='word_1_13' title='bbox 1098 1861 1296 1925; x_wconf 81' lang='lat' dir='ltr'>inueniatur.</span> <span class='ocrx_word' id='word_1_14' title='bbox 1353 1864 1438 1927; x_wconf 82' lang='lat' dir='ltr'>Alia</span> <span class='ocrx_word' id='word_1_15' title='bbox 1460 1885 1535 1928; x_wconf 83' lang='lat' dir='ltr'>vere</span> <span class='ocrx_word' id='word_1_16' title='bbox 1548 1866 1649 1945; x_wconf 80' lang='lat' dir='ltr'><em>festa,</em></span> 
     </span>
     <span class='ocr_line' id='line_1_3' title="bbox 439 1947 1649 2034; baseline 0.001 -19"><span class='ocrx_word' id='word_1_17' title='bbox 439 1952 557 2034; x_wconf 81' lang='lat' dir='ltr'><em>quibus</em></span> <span class='ocrx_word' id='word_1_18' title='bbox 579 1972 641 2014; x_wconf 85' lang='lat' dir='ltr'>non</span> <span class='ocrx_word' id='word_1_19' title='bbox 663 1951 837 2031; x_wconf 80' lang='lat' dir='ltr'>apponitur</span> <span class='ocrx_word' id='word_1_20' title='bbox 849 1950 999 2029; x_wconf 76' lang='lat' dir='ltr'>festum,²</span> <span class='ocrx_word' id='word_1_21' title='bbox 1026 1947 1115 2010; x_wconf 83' lang='lat' dir='ltr'><em>niln&#39;l</em></span> <span class='ocrx_word' id='word_1_22' title='bbox 1133 1947 1251 2011; x_wconf 72' lang='lat' dir='ltr'><em>liabent</em></span> <span class='ocrx_word' id='word_1_23' title='bbox 1267 1951 1449 2032; x_wconf 75' lang='lat' dir='ltr'>proprium.</span> <span class='ocrx_word' id='word_1_24' title='bbox 1493 1950 1589 2015; x_wconf 84' lang='lat' dir='ltr'><em>³Jtem</em></span> <span class='ocrx_word' id='word_1_25' title='bbox 1613 1954 1649 2016; x_wconf 86' lang='lat' dir='ltr'>in</span> 
     </span>
    </p>
   </div>
   <div class='ocr_carea' id='block_1_2' title="bbox 439 2034 1650 2363">
    <p class='ocr_par' dir='ltr' id='par_1_2' title="bbox 439 2034 1650 2363">
     <span class='ocr_line' id='line_1_4' title="bbox 440 2034 1646 2121; baseline 0.001 -20"><span class='ocrx_word' id='word_1_26' title='bbox 440 2038 635 2121; x_wconf 83' lang='lat' dir='ltr'>quibusdam</span> <span class='ocrx_word' id='word_1_27' title='bbox 651 2038 762 2101; x_wconf 83' lang='lat' dir='ltr'>diebus</span> <span class='ocrx_word' id='word_1_28' title='bbox 776 2038 993 2117; x_wconf 63' lang='lat' dir='ltr'>assignantur</span> <span class='ocrx_word' id='word_1_29' title='bbox 1006 2035 1099 2098; x_wconf 83' lang='lat' dir='ltr'><em>tertie</em></span> <span class='ocrx_word' id='word_1_30' title='bbox 1114 2034 1259 2098; x_wconf 83' lang='lat' dir='ltr'><em>lecte&#39;enes</em></span> <span class='ocrx_word' id='word_1_31' title='bbox 1273 2038 1435 2116; x_wconf 82' lang='lat' dir='ltr'><em>repetende</em></span> <span class='ocrx_word' id='word_1_32' title='bbox 1449 2059 1490 2101; x_wconf 79' lang='lat' dir='ltr'>ex</span> <span class='ocrx_word' id='word_1_33' title='bbox 1495 2039 1646 2120; x_wconf 82' lang='lat' dir='ltr'>epistolis,</span> 
     </span>
     <span class='ocr_line' id='line_1_5' title="bbox 439 2121 1650 2207; baseline 0.002 -20"><span class='ocrx_word' id='word_1_34' title='bbox 439 2146 512 2188; x_wconf 83' lang='lat' dir='ltr'><em>enen</em></span> <span class='ocrx_word' id='word_1_35' title='bbox 526 2125 574 2207; x_wconf 83' lang='lat' dir='ltr'>fit</span> <span class='ocrx_word' id='word_1_36' title='bbox 595 2124 731 2207; x_wconf 85' lang='lat' dir='ltr'><em>officium</em></span> <span class='ocrx_word' id='word_1_37' title='bbox 754 2124 794 2186; x_wconf 86' lang='lat' dir='ltr'>de</span> <span class='ocrx_word' id='word_1_38' title='bbox 806 2124 909 2203; x_wconf 82' lang='lat' dir='ltr'>fere&#39;n,</span> <span class='ocrx_word' id='word_1_39' title='bbox 931 2143 1072 2204; x_wconf 84' lang='lat' dir='ltr'><em>quarum</em></span> <span class='ocrx_word' id='word_1_40' title='bbox 1095 2121 1246 2185; x_wconf 77' lang='lat' dir='ltr'><em>nonnulle</em></span> <span class='ocrx_word' id='word_1_41' title='bbox 1271 2122 1307 2185; x_wconf 83' lang='lat' dir='ltr'>in</span> <span class='ocrx_word' id='word_1_42' title='bbox 1330 2124 1524 2205; x_wconf 79' lang='lat' dir='ltr'>quibusdam</span> <span class='ocrx_word' id='word_1_43' title='bbox 1550 2127 1650 2189; x_wconf 88' lang='lat' dir='ltr'><em>annis</em></span> 
     </span>
     <span class='ocr_line' id='line_1_6' title="bbox 439 2209 1650 2363; baseline 0.002 -89"><span class='ocrx_word' id='word_1_44' title='bbox 439 2212 644 2363; x_wconf 41' lang='lat' dir='ltr'>midila?</span> <span class='ocrx_word' id='word_1_45' title='bbox 659 2211 694 2274; x_wconf 81' lang='lat' dir='ltr'>r‘n</span> <span class='ocrx_word' id='word_1_46' title='bbox 709 2211 788 2292; x_wconf 84' lang='lat' dir='ltr'>alr&#39;js</span> <span class='ocrx_word' id='word_1_47' title='bbox 801 2220 910 2273; x_wconf 81' lang='lat' dir='ltr'><em>autern</em></span> <span class='ocrx_word' id='word_1_48' title='bbox 925 2211 1086 2291; x_wconf 73' lang='lat' dir='ltr'><em>leguntur,</em></span> <span class='ocrx_word' id='word_1_49' title='bbox 1101 2218 1138 2272; x_wconf 85' lang='lat' dir='ltr'>vt</span> <span class='ocrx_word' id='word_1_50' title='bbox 1152 2209 1244 2288; x_wconf 84' lang='lat' dir='ltr'>infra</span> <span class='ocrx_word' id='word_1_51' title='bbox 1260 2210 1295 2272; x_wconf 83' lang='lat' dir='ltr'>in</span> <span class='ocrx_word' id='word_1_52' title='bbox 1310 2211 1433 2293; x_wconf 82' lang='lat' dir='ltr'><em>regulis</em></span> <span class='ocrx_word' id='word_1_53' title='bbox 1441 2213 1650 2295; x_wconf 81' lang='lat' dir='ltr'><em>generalibus</em></span> 
     </span>
    </p>
   </div>
   <div class='ocr_carea' id='block_1_3' title="bbox 439 2814 1654 3339">
    <p class='ocr_par' dir='ltr' id='par_1_3' title="bbox 490 2814 1352 2881">
     <span class='ocr_line' id='line_1_7' title="bbox 490 2814 1352 2881; baseline 0.001 -14"><span class='ocrx_word' id='word_1_54' title='bbox 490 2816 497 2848; x_wconf 95' lang='lat'>¹</span> <span class='ocrx_word' id='word_1_55' title='bbox 516 2818 542 2868; x_wconf 92' lang='lat' dir='ltr'>in</span> <span class='ocrx_word' id='word_1_56' title='bbox 553 2818 602 2867; x_wconf 86' lang='lat' dir='ltr'>hoc</span> <span class='ocrx_word' id='word_1_57' title='bbox 613 2817 736 2866; x_wconf 84' lang='lat' dir='ltr'>diurnali:</span> <span class='ocrx_word' id='word_1_58' title='bbox 754 2818 811 2866; x_wconf 80' lang='lat' dir='ltr'>add.</span> <span class='ocrx_word' id='word_1_59' title='bbox 825 2830 865 2878; x_wconf 87' lang='lat'>42.</span> <span class='ocrx_word' id='word_1_60' title='bbox 1101 2814 1113 2846; x_wconf 73' lang='lat'>²</span> <span class='ocrx_word' id='word_1_61' title='bbox 1128 2816 1233 2867; x_wconf 59' lang='lat' dir='ltr'>solium}</span> <span class='ocrx_word' id='word_1_62' title='bbox 1251 2830 1291 2881; x_wconf 81' lang='lat'>39.</span> <span class='ocrx_word' id='word_1_63' title='bbox 1305 2826 1352 2868; x_wconf 87' lang='lat' dir='ltr'>etc.</span> 
     </span>
    </p>

    <p class='ocr_par' dir='ltr' id='par_1_4' title="bbox 489 2882 681 2943">
     <span class='ocr_line' id='line_1_8' title="bbox 489 2882 681 2943; baseline 0.005 -13"><span class='ocrx_word' id='word_1_64' title='bbox 489 2882 543 2920; x_wconf 73' lang='lat'>³-³</span> <span class='ocrx_word' id='word_1_65' title='bbox 559 2885 627 2931; x_wconf 77' lang='lat' dir='ltr'>onre&#39;t.</span> <span class='ocrx_word' id='word_1_66' title='bbox 642 2895 681 2943; x_wconf 78' lang='lat'>42.</span> 
     </span>
    </p>

    <p class='ocr_par' dir='ltr' id='par_1_5' title="bbox 439 2946 1654 3339">
     <span class='ocr_line' id='line_1_9' title="bbox 490 2946 1649 3013; baseline 0.002 -16"><span class='ocrx_word' id='word_1_67' title='bbox 490 2949 520 2997; x_wconf 88' lang='lat' dir='ltr'>In</span> <span class='ocrx_word' id='word_1_68' title='bbox 537 2948 650 3013; x_wconf 77' lang='lat' dir='ltr'>sequenti</span> <span class='ocrx_word' id='word_1_69' title='bbox 667 2947 825 3005; x_wconf 77' lang='lat' dir='ltr'>Calendario,</span> <span class='ocrx_word' id='word_1_70' title='bbox 838 2955 895 3012; x_wconf 85' lang='lat' dir='ltr'><strong>post</strong></span> <span class='ocrx_word' id='word_1_71' title='bbox 907 2947 981 2997; x_wconf 84' lang='lat' dir='ltr'>finem</span> <span class='ocrx_word' id='word_1_72' title='bbox 993 2946 1183 3012; x_wconf 82' lang='lat' dir='ltr'>vniuscuiusque</span> <span class='ocrx_word' id='word_1_73' title='bbox 1194 2947 1287 2997; x_wconf 83' lang='lat' dir='ltr'>mensis</span> <span class='ocrx_word' id='word_1_74' title='bbox 1297 2947 1437 2998; x_wconf 79' lang='lat' dir='ltr'>indicantur</span> <span class='ocrx_word' id='word_1_75' title='bbox 1448 2947 1609 3008; x_wconf 80' lang='lat' dir='ltr'>incrementa,</span> <span class='ocrx_word' id='word_1_76' title='bbox 1622 2958 1649 2999; x_wconf 79' lang='lat' dir='ltr'>et</span> 
     </span>
     <span class='ocr_line' id='line_1_10' title="bbox 439 3011 1647 3088; baseline 0 -25"><span class='ocrx_word' id='word_1_77' title='bbox 439 3014 617 3063; x_wconf 87' lang='lat' dir='ltr'>diminutiones</span> <span class='ocrx_word' id='word_1_78' title='bbox 634 3013 739 3071; x_wconf 83' lang='lat' dir='ltr'>dierum,</span> <span class='ocrx_word' id='word_1_79' title='bbox 758 3029 788 3062; x_wconf 87' lang='lat' dir='ltr'>ac</span> <span class='ocrx_word' id='word_1_80' title='bbox 807 3013 927 3070; x_wconf 85' lang='lat' dir='ltr'>noctium,</span> <span class='ocrx_word' id='word_1_81' title='bbox 940 3013 966 3061; x_wconf 95' lang='lat' dir='ltr'>in</span> <span class='ocrx_word' id='word_1_82' title='bbox 976 3011 1101 3062; x_wconf 86' lang='lat' dir='ltr'>decimum</span> <span class='ocrx_word' id='word_1_83' title='bbox 1112 3028 1235 3088; x_wconf 87' lang='lat' dir='ltr'>quemque</span> <span class='ocrx_word' id='word_1_84' title='bbox 1254 3012 1374 3072; x_wconf 89' lang='lat' dir='ltr'>eiusdem,</span> <span class='ocrx_word' id='word_1_85' title='bbox 1387 3029 1430 3078; x_wconf 88' lang='lat' dir='ltr'>per</span> <span class='ocrx_word' id='word_1_86' title='bbox 1442 3013 1515 3063; x_wconf 77' lang='lat' dir='ltr'>horas</span> <span class='ocrx_word' id='word_1_87' title='bbox 1526 3013 1647 3064; x_wconf 81' lang='lat' dir='ltr'>duntaxat</span> 
     </span>
     <span class='ocr_line' id='line_1_11' title="bbox 441 3077 1645 3154; baseline 0 -26"><span class='ocrx_word' id='word_1_88' title='bbox 441 3077 558 3142; x_wconf 79' lang='lat' dir='ltr'>integras,</span> <span class='ocrx_word' id='word_1_89' title='bbox 572 3087 597 3127; x_wconf 77' lang='lat' dir='ltr'>et</span> <span class='ocrx_word' id='word_1_90' title='bbox 608 3087 709 3143; x_wconf 81' lang='lat' dir='ltr'>quartas</span> <span class='ocrx_word' id='word_1_91' title='bbox 719 3078 787 3126; x_wconf 75' lang='lat' dir='ltr'>hone</span> <span class='ocrx_word' id='word_1_92' title='bbox 807 3087 907 3143; x_wconf 80' lang='lat' dir='ltr'>partes:</span> <span class='ocrx_word' id='word_1_93' title='bbox 926 3078 951 3126; x_wconf 91' lang='lat' dir='ltr'>in</span> <span class='ocrx_word' id='word_1_94' title='bbox 966 3077 1057 3142; x_wconf 81' lang='lat' dir='ltr'>quibus</span> <span class='ocrx_word' id='word_1_95' title='bbox 1076 3077 1245 3141; x_wconf 79' lang='lat' dir='ltr'>designandis,</span> <span class='ocrx_word' id='word_1_96' title='bbox 1263 3093 1317 3154; x_wconf 77' lang='lat' dir='ltr'>prae</span> <span class='ocrx_word' id='word_1_97' title='bbox 1352 3077 1401 3127; x_wconf 82' lang='lat' dir='ltr'>sito</span> <span class='ocrx_word' id='word_1_98' title='bbox 1418 3078 1514 3128; x_wconf 78' lang='lat' dir='ltr'>dierum</span> <span class='ocrx_word' id='word_1_99' title='bbox 1532 3095 1645 3137; x_wconf 86' lang='lat' dir='ltr'>nurnero,</span> 
     </span>
     <span class='ocr_line' id='line_1_12' title="bbox 442 3143 1644 3256; baseline 0.001 -64"><span class='ocrx_word' id='word_1_100' title='bbox 442 3144 518 3208; x_wconf 86' lang='lat' dir='ltr'>priori</span> <span class='ocrx_word' id='word_1_101' title='bbox 536 3145 669 3192; x_wconf 74' lang='lat' dir='ltr'>alterorum</span> <span class='ocrx_word' id='word_1_102' title='bbox 688 3143 740 3256; x_wconf 75' lang='grc' dir='ltr'>(Ἱυὶ</span> <span class='ocrx_word' id='word_1_103' title='bbox 753 3152 810 3192; x_wconf 82' lang='lat' dir='ltr'>sunt</span> <span class='ocrx_word' id='word_1_104' title='bbox 828 3144 954 3200; x_wconf 75' lang='lat' dir='ltr'>horarum)</span> <span class='ocrx_word' id='word_1_105' title='bbox 966 3143 1042 3201; x_wconf 76' lang='lat' dir='ltr'>horre,</span> <span class='ocrx_word' id='word_1_106' title='bbox 1055 3143 1135 3192; x_wconf 74' lang='lat' dir='ltr'>aiteio</span> <span class='ocrx_word' id='word_1_107' title='bbox 1146 3151 1239 3207; x_wconf 83' lang='lat' dir='ltr'>quartae</span> <span class='ocrx_word' id='word_1_108' title='bbox 1249 3143 1314 3206; x_wconf 75' lang='lat' dir='ltr'>signi</span> <span class='ocrx_word' id='word_1_109' title='bbox 1332 3152 1426 3192; x_wconf 77' lang='lat' dir='ltr'>cantur.</span> <span class='ocrx_word' id='word_1_110' title='bbox 1466 3143 1539 3193; x_wconf 85' lang='lat' dir='ltr'>Diem</span> <span class='ocrx_word' id='word_1_111' title='bbox 1550 3152 1644 3202; x_wconf 79' lang='lat' dir='ltr'>autem,</span> 
     </span>
     <span class='ocr_line' id='line_1_13' title="bbox 440 3207 1654 3274; baseline -0.002 -16"><span class='ocrx_word' id='word_1_112' title='bbox 440 3209 489 3258; x_wconf 88' lang='lat' dir='ltr'>hoc</span> <span class='ocrx_word' id='word_1_113' title='bbox 508 3209 534 3257; x_wconf 89' lang='lat' dir='ltr'>in</span> <span class='ocrx_word' id='word_1_114' title='bbox 555 3209 619 3266; x_wconf 90' lang='lat' dir='ltr'>loco,</span> <span class='ocrx_word' id='word_1_115' title='bbox 639 3223 705 3272; x_wconf 79' lang='lat' dir='ltr'>appe</span> <span class='ocrx_word' id='word_1_116' title='bbox 716 3209 796 3258; x_wconf 79' lang='lat' dir='ltr'><strong>lamus</strong></span> <span class='ocrx_word' id='word_1_117' title='bbox 815 3209 848 3257; x_wconf 84' lang='lat' dir='ltr'>ab</span> <span class='ocrx_word' id='word_1_118' title='bbox 865 3217 920 3256; x_wconf 86' lang='lat' dir='ltr'>ortu</span> <span class='ocrx_word' id='word_1_119' title='bbox 932 3208 1007 3268; x_wconf 85' lang='lat' dir='ltr'>Solis,</span> <span class='ocrx_word' id='word_1_120' title='bbox 1020 3207 1053 3258; x_wconf 86' lang='lat' dir='ltr'>ad</span> <span class='ocrx_word' id='word_1_121' title='bbox 1072 3223 1205 3258; x_wconf 71' lang='lat' dir='ltr'>occasum:</span> <span class='ocrx_word' id='word_1_122' title='bbox 1223 3208 1344 3273; x_wconf 85' lang='lat' dir='ltr'>reliquum</span> <span class='ocrx_word' id='word_1_123' title='bbox 1365 3207 1424 3258; x_wconf 77' lang='lat' dir='ltr'>verb</span> <span class='ocrx_word' id='word_1_124' title='bbox 1435 3216 1515 3259; x_wconf 86' lang='lat' dir='ltr'>totum</span> <span class='ocrx_word' id='word_1_125' title='bbox 1527 3209 1654 3274; x_wconf 79' lang='lat' dir='ltr'>temporis.</span> 
     </span>
     <span class='ocr_line' id='line_1_14' title="bbox 440 3272 975 3339; baseline -0.006 -16"><span class='ocrx_word' id='word_1_126' title='bbox 440 3273 547 3339; x_wconf 75' lang='lat' dir='ltr'>spatium</span> <span class='ocrx_word' id='word_1_127' title='bbox 559 3273 714 3337; x_wconf 81' lang='lat' dir='ltr'><strong>appellamus</strong></span> <span class='ocrx_word' id='word_1_128' title='bbox 724 3283 823 3323; x_wconf 85' lang='lat' dir='ltr'>noctem</span> <span class='ocrx_word' id='word_1_129' title='bbox 836 3293 842 3322; x_wconf 80' lang='lat' dir='ltr'>z</span> <span class='ocrx_word' id='word_1_130' title='bbox 859 3274 915 3322; x_wconf 85' lang='lat' dir='ltr'>add.</span> <span class='ocrx_word' id='word_1_131' title='bbox 935 3272 975 3321; x_wconf 88' lang='lat'>61.</span> 
     </span>
    </p>
   </div>
   <div class='ocr_carea' id='block_1_4' title="bbox 0 0 2000 5759">
    <p class='ocr_par' dir='ltr' id='par_1_6' title="bbox 0 0 2000 5759">
     <span class='ocr_line' id='line_1_15' title="bbox 0 0 2000 5759; baseline 0 0"><span class='ocrx_word' id='word_1_132' title='bbox 0 0 2000 5759; x_wconf 95' lang='lat' dir='ltr'> </span> 
     </span>
    </p>
   </div>
  </div>
 </body>
</html>
