3992 5759
594 454 711 504 FERIA
742 455 798 504 ΙΙΙ.
831 454 1052 505 DOMINICAE
1079 455 1135 505 DE
1159 455 1350 506 PASSIONE.
1551 467 1603 516 119

679 663 713 734 ΕΙ
733 657 765 720 Τ
760 658 844 721 ertia
859 657 947 721 lectio
960 658 1134 720 secundum
1149 657 1325 723 Ioannem.l

465 771 505 834 In
532 770 591 835 illo
616 781 787 854 tempore:
812 771 977 834 Miserunt
1001 773 1177 854 principes,
1198 782 1233 835 et
1260 773 1404 836 Pharisei
1436 774 1609 837 ministros

383 869 432 922 vt
448 857 738 941 apprehenderent
757 858 876 921 Iesum.
923 858 968 922 Et
984 858 1118 940 reliqua.

707 1005 741 1076 ΕΙ
756 999 907 1063 Humilia
922 1022 947 1064 s.
962 1001 1150 1082 Augustini
1162 1002 1300 1082 episcopi.

475 1112 635 1176 Vomodo
656 1112 945 1195 apprehenderent
967 1113 1077 1176 adhuc
1100 1113 1292 1177 nolentem?
1337 1113 1426 1196 Quia
1441 1134 1521 1196 ergo
1538 1134 1609 1177 non

490 1209 646 1282 poterant
672 1198 921 1282 apprehendere
948 1200 1139 1263 nolentem:
1164 1202 1255 1263 missi
1280 1213 1357 1264 sunt
1387 1210 1422 1263 vt
1452 1202 1611 1265 audirent

398 1289 589 1350 docentem.
656 1284 760 1369 Quid²
798 1288 999 1349 docentem?
1067 1286 1167 1350 Dixit
1204 1308 1284 1368 ergo
1324 1287 1437 1351 lesus:
1483 1288 1611 1351 Adhuc·

402 1375 573 1437 modicum
604 1383 737 1454 tempus
766 1374 938 1436 vobiscum
964 1393 1046 1436 sum.
1115 1373 1215 1455 Quod
1247 1374 1348 1437 modo
1377 1374 1478 1437 vultis
1500 1375 1613 1438 lacere·

402 1459 521 1523 facturi
548 1462 636 1535 estis,
660 1459 719 1522 sed
747 1480 812 1522 non
839 1460 961 1522 modo:
994 1461 1072 1542 quia
1098 1462 1199 1523 modo
1210 1461 1295 1524 nolo
1356 1460 1468 1544 Quare
1498 1461 1607 1525 adhuc

402 1545 485 1610 non³
501 1549 603 1610 modo
620 1547 720 1609 nolo?
765 1546 854 1628 Quia
869 1545 977 1609 adhuc
995 1546 1162 1609 modicum
1179 1557 1312 1630 tempus
1325 1548 1494 1611 vobiscum
1511 1569 1585 1611 sum
1602 1571 1613 1610 :·

401 1645 437 1697 et
462 1634 557 1697 tunc*
579 1634 667 1696 vado
691 1635 733 1696 ad
761 1653 837 1696 eum
859 1634 915 1715 qui
943 1654 994 1695 me
1012 1635 1109 1697 misit.
1134 1702 1137 1706 ,
1158 1634 1300 1717 lmplere
1316 1635 1423 1699 debeo
1438 1636 1609 1718 dispensa·

401 1723 530 1784 tionem
557 1741 687 1783 meam:
709 1730 743 1782 et
768 1721 814 1782 sic
837 1721 1009 1802 peruenire
1024 1722 1066 1783 ad
1084 1722 1272 1802 passionem
1290 1742 1407 1785 meam.
1454 1720 1614 1804 Queretis

403 1828 458 1870 me
474 1817 509 1870 et
524 1827 590 1870 non
609 1808 802 1870 inuenietis:
826 1819 859 1870 et
881 1806 935 1869 vbi
961 1828 1025 1889 ego
1051 1828 1134 1880 sum,
1157 1828 1217 1870 vos
1243 1829 1307 1870 non
1333 1810 1473 1891 potestis
1491 1809 1613 1871 venire.

403 1895 472 1958 Hic
495 1895 562 1957 iarn
587 1895 858 1956 resurrectionem
883 1893 989 1955 suam⁵
1011 1895 1165 1976 predixit.
1211 1896 1397 1958 Noluerunt
1420 1897 1509 1957 enirn
1533 1915 1613 1958 eum

402 1999 586 2065 agnoscere
613 1990 799 2062 presentem
825 1991 858 2043 et
884 1991 1002 2062 postea
1018 1983 1209 2062 quesierunt
1224 2001 1298 2044 eum
1316 2003 1391 2044 cum
1409 1983 1561 2044 viderunt
1578 1984 1613 2044 in

403 2088 481 2131 eurn
510 2066 758 2130 multitudinem
784 2069 850 2130 iam
881 2067 1081 2132 credentem.
1139 2069 1264 2151 Magna
1289 2069 1378 2131 enim
1403 2069 1499 2151 signa
1524 2068 1615 2131 facta

404 2164 492 2230 sunt,
507 2155 610 2217 etiarn
626 2174 701 2216 cum
718 2153 874 2217 dominus
890 2156 1070 2217 resurrexit
1085 2165 1118 2217 et
1134 2156 1284 2218 ascendit
1299 2157 1331 2217 in
1353 2157 1469 2218 celum.
1516 2154 1614 2218 Tunc

403 2263 464 2325 per
487 2241 669 2322 discipulos
691 2240 778 2304 sacta
799 2252 877 2304 sunt
892 2243 987 2322 signa
1004 2262 1146 2322 magna:
1169 2243 1227 2304 sed
1245 2241 1299 2304 ille
1315 2262 1373 2324 per
1389 2241 1482 2305 illos:
1506 2243 1562 2323 qui
1579 2251 1614 2305 et

404 2349 464 2411 per
491 2329 610 2410 ipsum.
664 2325 741 2390 6ΙΙΙε
768 2327 832 2390 illis
858 2326 996 2409 quippe⁶
1020 2327 1174 2391 dixerat:
1198 2327 1278 2392 Sine
1306 2350 1359 2392 me
1375 2328 1455 2391 nihil
1474 2329 1614 2409 potestis

406 2416 524 2478 facere.
570 2415 717 2497 Quando
732 2414 869 2477 claudus
886 2414 939 2477 ille
956 2416 1012 2496 qui
1038 2415 1176 2477 sedebat
1201 2415 1243 2477 ad
1270 2427 1401 2498 portam
1426 2418 1468 2479 ad
1496 2436 1614 2478 vocem

408 2502 497 2566 l'etri
528 2503 697 2564 sunexit:
735 2511 769 2564 et
807 2499 854 2564 in⁷
891 2502 959 2563 suis
996 2501 1138 2583 pedibus
1168 2503 1364 2576 ambulant,
1394 2514 1430 2566 vt
1461 2503 1615 2565 homines

407 2591 625 2652 mirarentur:
663 2589 709 2650 sic
739 2608 796 2650 eos
826 2587 989 2650 allocutus
1020 2599 1071 2650 est
1103 2588 1227 2651 Petrus.
1287 2589 1377 2672 Quia
1408 2610 1474 2652 non
1499 2591 1531 2651 in
1555 2609 1616 2652 sua

395 2686 575 2759 potestate
599 2676 662 2738 ista
690 2673 776 2749 lecit,
800 2675 858 2737 sed
885 2675 916 2736 in
942 2676 1064 2737 virtute
1091 2674 1177 2737 illius
1201 2696 1300 2757 quern
1326 2677 1387 2757 ipsi
1403 2675 1616 2740 occiderunt:

408 2762 505 2826 multi
529 2762 721 2845 compuncti
748 2760 928 2824 dixerunt:
952 2761 1042 2843 Quid
1067 2761 1248 2825 iaciemus?
1293 2763 1460 2826 Viderunt
1474 2764 1564 2826 enim
1581 2782 1617 2824 se

408 2850 537 2933 ingenti
553 2850 689 2911 crimine
706 2849 886 2929 impietatis
902 2850 1075 2933 astrictos:
1098 2850 1175 2930 quia
1193 2849 1284 2914 illum
1307 2849 1498 2913 occiderunt
1515 2868 1615 2931 quern

407 2937 558 3086 νὶῃιοτξῐί
574 2946 608 2999 et
623 2933 762 2998 adorare
790 2935 997 2999 debuerunt?
1031 2946 1065 2998 et
1095 2935 1158 2997 hoc
1186 2936 1350 3018 putabant
1381 2956 1454 2999 esse
1485 2937 1616 3018 inexpi-

408 3044 429 3087 a
454 3043 517 3085 rc.

956 3158 1078 3222 Oratio.

410 3270 630 3406 SAnctifica
666 3288 847 3354 quesumus
878 3271 1014 3332 domine
1044 3280 1156 3333 nostra
1187 3271 1325 3332 ieiunia:
1358 3281 1392 3334 et
1422 3280 1618 3334 cunctarum

477 3358 573 3423 nobis
591 3358 833 3441 indulgentiam
851 3357 1013 3439 propitius
1029 3356 1147 3440 largire
1163 3357 1344 3440 culparum.
1391 3358 1459 3421 Per.

692 3494 840 3571 Μανία
855 3494 912 3574 .ι“ι”]“.
956 3494 1013 3557 Ex
1026 3492 1140 3557 [saia.⁹
1183 3495 1290 3557 Lectio
1303 3495 1333 3576 j.

486 3609 611 3672 Omine
639 3609 721 3671 deus
752 3626 845 3670 meus
875 3626 910 3669 es
941 3615 976 3668 tu
1067 3608 1250 3689 requiescet
1275 3628 1392 3670 manus
1417 3607 1553 3671 Domini
1580 3608 1615 3669 in

501 3705 614 3759 monte
630 3695 703 3758 isto.

672 3837 704 3907 (Ι
722 3829 906 3894 Semndum
921 3826 1144 3892 Mattianum
1188 3830 1293 3893 Lectio
1309 3830 1351 3912 .t'j.

484 3944 515 4007 T
543 3943 588 4006 illi
614 3940 755 4007 tenens¹¹
786 3942 895 4004 lesum
921 3940 1091 4004 duxerunt
1107 3940 1149 4004 ad
1172 3941 1335 4023 Caipham
1413 3939 1617 4004 sicutsscon·

498 4032 607 4095 stituit
623 4030 703 4092 mihi
721 4028 895 4092 Dominus.
945 4091 947 4094 ,

458 4175 531 4272 ¹³Ca.
545 4186 567 4238 7.
582 4177 611 4224 in
623 4192 655 4223 nr.
1062 4171 1073 4268 Ξ
1089 4173 1187 4237 Quem:
1206 4185 1244 4236 39.
1259 4187 1299 4234 41.

459 4249 643 4369 rlllllilm'
1061 4240 1366 4369 ‘fllllelllrllenne
1384 4303 1535 4365 cosroe

460 4371 470 4403 ἵ
486 4387 533 4421 om.
547 4371 587 4421 oo
601 4371 641 4419 61.
656 4369 695 4431 64
1063 4366 1075 4398 ⁸
1092 4369 1218 4419 Miserere.
1234 4382 1272 4433 50.
1286 4370 1342 4418 adri.
1354 4369 1393 4432 63.

460 4434 472 4466 ⁹
487 4436 533 4487 Ca
547 4447 578 4500 25
591 4436 620 4484 in
632 4452 665 4484 m.
679 4436 746 4495 [nv.
765 4435 848 4495 r—10.]
1056 4432 1076 4463 ¹⁰
1092 4435 1168 4494 [xxvi.
1184 4435 1323 4497 57-xxvii.
1341 4435 1392 4495 10.]

450 4499 469 4531 ¹¹
485 4510 615 4551 tenentesz
634 4512 673 4563 39
688 4508 735 4549 etc.
1054 4496 1075 4528 ¹²
1091 4499 1186 4548 Sicuti:
1204 4512 1245 4559 41.
