3992 5759
650 730 700 780 IN
711 731 783 780 FES
787 731 832 780 TO
850 731 1031 780 CORPORIS
1049 731 1208 780 CHRISTI.

573 1057 768 1122 FESTVM
808 1057 1046 1122 CORPORIS
1086 1056 1295 1134 CHRISTI,

547 1213 665 1294 duplex
677 1213 792 1275 maius.
836 1217 870 1286 ΙΙ
893 1211 955 1274 Ad
965 1223 1119 1292 vesperas.
1164 1212 1327 1292 Hymnus.

327 1324 492 1453 phoge
531 1324 646 1406 lingua
685 1324 818 1405 gloriosi
856 1325 1003 1405 corporis
1034 1324 1250 1404 mysterium:
1291 1324 1538 1407 Sanguinisque

406 1412 553 1493 preciosi,
569 1410 679 1493 Quem
704 1413 737 1473 In
762 1409 876 1472 mundi
905 1411 1061 1492 precium,
1081 1412 1221 1473 Fructus
1238 1413 1361 1474 ventris
1386 1414 1536 1493 generosi

263 1570 274 1580 .
324 1498 408 1560 Rex
425 1497 553 1582 effugit¹
569 1499 728 1579 gentium.

398 1585 503 1647 Nobis
519 1585 627 1661 datus
643 1585 738 1647 nobis
755 1595 860 1646 natus
887 1583 943 1645 Ex
967 1585 1092 1647 Intacta
1107 1586 1254 1666 virgine:
1285 1586 1328 1647 Et
1352 1587 1384 1647 in
1410 1587 1538 1647 mundo

322 1683 546 1743 conuersatus
577 1671 703 1753 Sparso
728 1672 820 1733 verbi
845 1670 990 1733 semine:
1027 1670 1085 1734 Sui
1114 1692 1223 1733 moras
1250 1671 1414 1736 incolatus
1451 1673 1538 1734 IlIiro

321 1759 449 1822 clausit
464 1759 588 1822 ordine.

400 1845 439 1907 In
455 1866 609 1927 supreme
624 1854 722 1907 nocte
737 1865 818 1907 cene
836 1844 1048 1906 Recumbens
1064 1844 1325 1907 cumfratribus:
1350 1844 1538 1908 Obseruata

324 1931 406 2013 lege
428 1932 525 2013 plene
549 1932 641 1996 Cibis
663 1932 696 1994 in
714 1931 894 2015 legalibus:
918 1929 1040 1994 Cibum
1057 1932 1151 1994 turbe
1167 1931 1321 1995 duodene
1339 1931 1456 1994 Sedat²
1472 1933 1538 1994 suis

324 2020 495 2082 manibus,

399 2105 547 2168 Verbum
573 2125 649 2167 caro
674 2125 794 2187 panem
819 2124 942 2179 verum,
967 2104 1081 2166 Verbo
1105 2125 1236 2168 carnem
1262 2105 1382 2168 efficit:
1418 2107 1538 2187 Fitque

323 2193 467 2273 sanguis
484 2192 607 2257 Christi
629 2212 777 2254 merum:
802 2191 848 2254 Et
863 2192 889 2252 si
906 2212 1022 2253 sensus
1038 2191 1167 2254 deficit:
1193 2193 1247 2254 Ad
1266 2192 1464 2255 firmandum
1482 2213 1539 2256 cor

325 2300 508 2361 syncerum
527 2279 607 2343 Sola
622 2278 704 2341 fides
720 2278 850 2341 sufficit.

399 2365 548 2429 Tantum
571 2387 651 2445 ergo
666 2376 910 2429 sacramentum
923 2365 1130 2427 Veneremur
1145 2367 1275 2428 cernui:
1301 2366 1345 2427 Et
1363 2368 1536 2446 antiquum

326 2453 572 2515 documentum
605 2453 704 2515 Nouo
733 2452 831 2515 cedat
863 2452 957 2514 ritui:
994 2452 1122 2514 Prestet
1153 2452 1235 2515 fides
1265 2453 1536 2534 supplementum

329 2539 501 2604 Sensuum
518 2539 670 2603 defectui.

398 2626 560 2703 Genitori,
582 2628 762 2707 genitoque
795 2626 894 2701 Laus,
915 2636 949 2688 et
972 2625 1142 2688 iubilatio:
1167 2625 1274 2701 Salus,
1297 2626 1410 2700 honor,
1435 2629 1537 2689 virtus

327 2733 467 2794 quoque
490 2712 550 2788 Sit,
573 2724 606 2776 et
630 2713 837 2776 benedictio:
866 2712 1061 2774 Procedenti
1084 2713 1129 2774 ab
1144 2722 1302 2793 vtroque:
1327 2713 1473 2795 Compar
1495 2715 1538 2776 sit
1598 2708 1600 2713 ’

328 2799 488 2864 laudatio.
535 2801 656 2863 Amen.

397 2952 595 3033 Antiphonti.
635 2952 798 3017 Sacerdos
815 2952 846 3012 In
864 2960 1015 3014 eternum
1026 2951 1177 3016 Christus
1189 2952 1345 3014 domiuus
1355 2953 1537 3015 secundum

330 3039 487 3103 ordinem
506 3039 752 3102 Melchisedech
770 3058 889 3121 panem
907 3049 941 3100 et
956 3039 1070 3100 vinum
1087 3038 1220 3101 obtulit.

879 3191 1002 3255 Oratin

410 3306 489 3382 Eus,
526 3306 583 3386 qui
620 3305 716 3367 nobis
753 3305 814 3366 sub
851 3315 1061 3366 sacramento
1100 3304 1239 3366 mirabili
1282 3306 1443 3386 passionis
1485 3317 1541 3368 tue

423 3393 619 3456 memoriam
646 3390 814 3472 reliquisti
835 3391 943 3454 tribue
966 3410 1155 3471 quesumus,
1171 3392 1216 3454 ita
1244 3412 1304 3454 nos
1330 3395 1484 3474 corporis
1507 3404 1540 3455 et

332 3479 505 3562 sanguInis
543 3479 590 3542 tui
628 3497 722 3540 sacra
759 3479 917 3558 mysteria
954 3479 1113 3550 venerari,
1143 3488 1178 3540 vt
1216 3480 1454 3562 redemptionis
1485 3491 1540 3542 tue

333 3567 477 3630 fructum
494 3567 527 3628 in
544 3565 641 3628 nobis
656 3563 768 3646 igitur³
783 3565 973 3628 sentiamus.
1020 3563 1086 3646 Qui
1102 3565 1186 3627 viuis
1201 3577 1234 3629 et
1251 3586 1376 3648 regnas.
1393 3577 1455 3630 etc.

625 3737 658 3806 (I
680 3731 743 3794 Ad
753 3731 961 3793 matutinum.
1007 3730 1250 3794 Inuitatorium.

405 3845 660 3910 SanctissImum
678 3841 800 3908 Christi
816 3862 946 3924 corpus,
960 3842 1072 3904 venite
1088 3842 1273 3906 adoremus.

857 4015 1019 4096 Hymnus.

388 4131 487 4194 Acris
513 4129 671 4211 solennijs
696 4129 808 4191 iuncta
831 4128 897 4190 sint
920 4128 1062 4210 gaudia:
1091 4127 1133 4189 Et
1160 4148 1203 4189 ex
1224 4129 1403 4209 precordijs
1422 4140 1540 4192 sonent

403 4218 580 4300 preconia:
604 4215 778 4279 Recedant
792 4224 924 4278 vetera:
947 4233 1035 4276 noua
1056 4215 1123 4277 sint
1139 4216 1273 4277 omnia:
1298 4215 1417 4291 Corda,
1434 4237 1539 4290 voces,

333 4315 522 4454 etohleorcabis
559 4389 714 4453 recolitur
750 4408 833 4451 cena
870 4383 1063 4464 nouissima,
1101 4388 1177 4470 Qua
1216 4387 1367 4452 Christus
1398 4389 1542 4452 creditur

336 4498 472 4561 agnum,
510 4486 543 4540 et
580 4497 718 4558 azyma:
757 4475 899 4540 Dedisse
933 4473 1088 4537 fratribus
1117 4477 1213 4538 quta
1244 4475 1393 4558 legitima
1424 4477 1542 4539 Priscis

334 4564 466 4628 indulta
482 4563 640 4647 patribus.

386 4724 395 4756 ¹
418 4724 487 4774 mus
497 4727 549 4773 also
552 4723 600 4839 ⁸38.
635 4723 739 4774 effudit:
758 4735 797 4786 39.
811 4731 857 4772 etc.
991 4720 1003 4751 ²
1024 4723 1093 4771 Thus
1103 4724 1154 4770 also
1166 4721 1205 4786 38.
1242 4723 1275 4773 Se
1285 4723 1346 4773 dat:
1366 4738 1403 4788 39.
1419 4734 1465 4775 etc.

386 4789 397 4821 ³
413 4790 517 4856 iugiter:
536 4802 551 4853 3
569 4825 575 4838 .
591 4799 638 4840 etc.
