3992 5759
493 743 610 794 FERIA
637 744 687 795 IV.
718 743 939 794 DOMINICAE
965 745 1021 796 III.
1056 742 1392 804 QUADRAGESIMAE.
1505 752 1549 805 105

603 956 637 1027 (Ι
658 950 769 1013 Tertia
783 950 872 1013 lectr'u
890 952 1064 1014 secundum
1079 947 1289 1014 Marthama}

347 1062 417 1192 IN
441 1062 500 1126 illo
527 1071 694 1145 tempore:
727 1062 922 1144 Respiciens
948 1063 1041 1126 Iesus
1067 1065 1099 1125 in
1131 1061 1311 1142 discipulos
1333 1081 1428 1123 suos:
1458 1060 1549 1124 dixit

406 1148 537 1214 Simoni
555 1149 671 1212 Petro:
696 1148 733 1212 Si
749 1150 935 1230 peccauerit
952 1150 985 1212 in
1002 1159 1035 1212 te
1051 1150 1151 1213 frater
1167 1161 1252 1224 tuuS,
1267 1148 1353 1211 vade
1371 1156 1404 1210 et
1420 1148 1549 1230 corripe

339 1257 418 1300 eum
437 1238 523 1299 inter
538 1247 571 1299 te
586 1248 620 1298 et
637 1237 745 1318 ipsum
762 1235 878 1309 solum.
925 1236 970 1299 Et
988 1236 1121 1317 reliqua.

605 1377 639 1448 ΙΙ
654 1371 806 1435 Humilia
820 1373 927 1435 sancti
940 1373 1126 1455 Augustini
1139 1373 1278 1454 episcopi.

418 1484 508 1547 Vare
534 1483 627 1547 illum
657 1484 817 1568 corripis?
841 1547 843 1551 ,
863 1484 952 1567 Quia
975 1485 1069 1548 doles
1099 1485 1189 1566 quod
1218 1486 1404 1567 peccauerit
1432 1486 1464 1548 in
1493 1489 1549 1548 te?

440 1571 560 1634 Absit:
576 1572 604 1634 si
616 1591 730 1634 amore
745 1572 793 1634 tui
807 1572 839 1634 id
858 1571 957 1635 iacis:
974 1573 1054 1635 nihil
1073 1573 1152 1636 sacis
1166 1595 1172 1633 :
1188 1574 1215 1634 si
1228 1592 1342 1635 amore
1356 1571 1442 1634 illius
1459 1570 1549 1647 facis,

339 1660 470 1742 optime
493 1657 582 1722 iacis,
628 1658 783 1739 Denique
807 1660 839 1720 in
866 1660 945 1740 ipsis
967 1659 1075 1722 verbis
1098 1661 1235 1722 attende
1257 1659 1349 1722 cuius
1380 1678 1492 1721 amore
1515 1658 1549 1721 id

341 1744 451 1808 iacere
463 1743 599 1808 debeas²
611 1754 719 1808 vtrum
733 1756 790 1808 tua
802 1765 845 1807 an
859 1745 952 1808 illius.
999 1746 1036 1810 Si
1049 1756 1081 1808 te
1094 1746 1234 1809 audierit
1251 1745 1388 1827 (inquit)
1405 1745 1549 1808 lucratus

339 1834 407 1895 eris
423 1831 557 1894 fratrem
575 1842 678 1895 tuum.
717 1832 809 1914 Ergo
825 1845 958 1914 propter
970 1833 1062 1895 ilium
1080 1833 1131 1895 fac
1147 1844 1181 1895 vt
1198 1833 1330 1896 lucreris
1346 1832 1448 1896 illum.
1493 1831 1548 1895 Sic

343 1918 498 1982 iaciendo
525 1918 679 1982 lucraris:
708 1920 768 1981 nisi
797 1918 930 1981 fecisses
957 1921 1106 2002 perierat.
1152 1918 1243 2001 Quid
1270 1931 1321 1982 est
1351 1939 1430 2000 ergo
1458 1920 1548 2000 quod

342 2005 493 2088 plerique
502 2005 654 2068 homines
665 2006 727 2068 ista
738 2016 874 2088 peccata
883 2016 1104 2069 contemnunt
1113 2016 1147 2068 et
1157 2007 1271 2069 dicunt
1282 2028 1288 2067 ε
1299 2005 1378 2086 quid
1390 2025 1548 2086 magnum

340 2091 430 2155 feci?
478 2092 517 2154 In
533 2093 702 2155 hominem
720 2095 862 2175 peccaui.
910 2092 987 2156 Noli
1001 2104 1214 2155 contemnere
1226 2093 1315 2173 quod
1329 2093 1361 2154 in
1380 2093 1548 2154 hominem

342 2180 499 2261 peccasti.
543 2177 617 2240 vis³
632 2196 729 2241 nosse
745 2181 823 2260 quia
840 2181 872 2242 in
889 2179 1058 2242 hominem
1084 2177 1253 2262 peccando
1276 2179 1409 2261 perijsti.
1456 2178 1492 2242 Si
1516 2188 1550 2241 te

342 2264 400 2328 ille
413 2267 445 2328 in
457 2285 557 2347 quem
571 2267 715 2348 peccasti
728 2267 920 2349 corripuerit
933 2268 1019 2329 inter
1031 2277 1064 2329 te
1076 2277 1109 2329 et
1122 2268 1230 2349 ipsum
1244 2268 1350 2329 solum
1362 2277 1395 2328 et
1407 2267 1550 2328 audieris

343 2351 439 2415 illum
452 2351 597 2415 lucratus
608 2362 658 2414 est
674 2362 715 2415 te.
762 2351 851 2434 Quid
865 2362 915 2415 est
928 2354 1072 2415 lucratus
1085 2364 1135 2416 est
1151 2364 1203 2416 te:
1220 2354 1282 2415 nisi
1295 2353 1387 2433 quia⁴
1399 2353 1551 2434 perieras,

341 2440 371 2502 si
388 2459 456 2502 non
473 2438 653 2502 lucraretur
668 2445 724 2502 te?
772 2439 860 2502 Nam
872 2441 898 2501 si
916 2460 982 2501 non
996 2441 1157 2522 perieras:
1174 2439 1344 2520 quomodo
1360 2449 1393 2502 te
1405 2438 1550 2502 lucratus

342 2531 419 2590 est?
464 2525 575 2589 Nemo
599 2545 678 2607 ergo
702 2536 914 2589 contemnat:
941 2525 1077 2607 quando
1103 2539 1217 2609 peccat
1242 2527 1275 2589 in
1301 2525 1444 2588 fratrem.
1491 2525 1551 2588 Ait

342 2613 434 2676 enim
451 2614 483 2675 in
500 2612 646 2693 quodam
664 2612 737 2675 loco
749 2612 928 2695 apostolus,
975 2613 1031 2676 Sic
1047 2624 1158 2676 autem
1175 2623 1351 2696 peccantes
1367 2615 1399 2675 in
1417 2612 1552 2675 fratres:

341 2709 377 2763 et
401 2700 622 2782 percutientes
644 2700 881 2763 conscientiam
905 2719 1019 2762 eorum
1044 2699 1208 2762 infirmam
1226 2702 1258 2763 in
1283 2699 1452 2763 Christum
1478 2721 1551 2781 pec·

341 2787 447 2850 catis:
470 2786 546 2849 ideo
561 2787 639 2866 quia
655 2785 805 2848 membra
826 2786 947 2850 Christi
963 2807 1080 2850 omnes
1103 2786 1181 2850 sacti
1204 2807 1326 2850 sumus.
1372 2786 1552 2868 Quomodo

343 2893 413 2936 non
429 2893 547 2956 peccas
563 2874 595 2935 in
613 2872 781 2936 Christum
795 2875 851 2954 qui
867 2894 984 2957 peccas
1001 2875 1033 2936 in
1047 2874 1232 2937 membrum
1250 2873 1396 2937 Christi?
1443 2874 1552 2936 Nemo

342 2979 425 3041 ergo
434 2961 524 3023 dicat
536 2961 614 3040 quia
627 2959 707 3022 non·'‘
720 2961 752 3022 in
765 2959 865 3022 deum
878 2960 937 3023 sed
950 2962 1084 3044 peccaui
1099 2963 1132 3023 in
1145 2960 1287 3024 fratrem.
1330 2961 1367 3022 In
1381 2960 1550 3022 hominem

344 3048 499 3129 peccaui:
515 3047 588 3110 leue
605 3057 778 3129 peccatum
795 3058 844 3110 est
861 3049 910 3109 vei
930 3047 1057 3111 nullum
1075 3059 1247 3130 peccatum
1264 3046 1336 3110 est.⁶

885 3183 1008 3248 Oratio.

417 3294 530 3358 Xaudi
556 3316 617 3357 nos
650 3295 871 3378 omnipotens
892 3308 925 3358 et
951 3297 1135 3359 misericors
1162 3298 1264 3359 deus:
1292 3307 1324 3358 et
1350 3296 1554 3358 continentie

437 3382 591 3445 salutaris
607 3383 768 3464 propitius
785 3383 880 3444 nobis
895 3383 985 3445 dona
1001 3384 1167 3446 concede:
1184 3404 1249 3466 per.

267 3632 275 3643 '
347 3630 487 3760 TVlit
503 3632 602 3711 igitur
619 3629 816 3730 Abimelech
832 3652 912 3693 oues
928 3641 961 3693 et
985 3631 1088 3694 boues
1162 3633 1288 3714 grande
1304 3632 1494 3694 conuiuium
1520 3631 1552 3694 in

437 3717 491 3779 dre
506 3717 741 3781 ablactationis
757 3739 835 3781 erus.

632 3854 688 3917 Ex
700 3854 830 3936 petrola
846 3854 876 3917 .i.
892 3853 1049 3917 [neumis.8
1093 3855 1198 3918 Lectio
1214 3856 1257 3936 ᾔ.

351 3965 514 4095 Vldete
525 3967 657 4047 qualem
671 3967 866 4067 charitatem
880 3966 973 4067 dedit
986 3967 1081 4029 nobis
1094 3979 1195 4050 pater,
1207 3979 1242 4030 vt
1259 3966 1314 4048 filij
1331 3968 1394 4030 Dei
1408 3969 1555 4030 nomine-

440 4074 514 4115 mur
587 4073 687 4134 quem
704 4055 797 4116 dedrt
814 4055 918 4116 nobis.

608 4195 642 4266 ([
663 4189 774 4252 Tertia
789 4190 878 4252 lectio
892 4190 1066 4252 secuudum
1083 4188 1295 4253 Mansuram?

389 4300 420 4363 N
445 4300 502 4363 illo
525 4312 694 4384 tempore:
718 4302 940 4364 Accesserunt
961 4302 1004 4363 ad
1025 4301 1134 4363 Iesum
1157 4301 1200 4363 ab
1220 4300 1432 4382 ierosolymis
1449 4302 1555 4365 scribe

409 4397 443 4450 et
459 4386 600 4471 pharisei
616 4389 784 4451 dicentes:
801 4408 902 4468 quare
918 4388 1071 4470 discipuli
1087 4390 1134 4450 tui
1152 4388 1439 4469 transgrediuntur
1455 4388 1555 4451 tradi-

347 4476 455 4538 tiones
467 4476 660 4538 seniorum?
708 4475 751 4537 Et
769 4476 902 4555 reliqua.

394 4670 404 4702 ¹
421 4672 467 4722 Ca.
485 4671 514 4721 18
526 4673 555 4720 in
567 4688 600 4720 m.
755 4669 911 4721 ²debearis:
929 4672 969 4735 63.
1224 4673 1234 4703 ³¹
1250 4675 1320 4723 Vos:
1339 4674 1377 4736 38.

397 4736 408 4767 ⁴
424 4754 471 4786 om.
486 4736 525 4800 38.
758 4735 768 4766 ⁵
785 4738 903 4803 peccaui:
921 4740 977 4786 arrii.
993 4750 1031 4800 39.
1046 4747 1093 4787 etc.
1221 4738 1232 4769 ⁸
1250 4740 1376 4788 Miserere.
1392 4750 1430 4803 50.
1444 4741 1499 4789 add.
1515 4740 1555 4803 63.

393 4801 404 4834 ⁷
421 4803 472 4864 [xx.
490 4801 602 4864 14-xxi.
617 4801 654 4864 8.]
751 4803 762 4830 ⁸
779 4805 841 4867 Cap.
856 4804 912 4866 3in
925 4820 956 4851 m.
972 4803 1017 4863 [iii.
1036 4805 1119 4865 1·24.]
1222 4803 1233 4834 ⁹
1250 4806 1295 4854 Ca.
1313 4815 1341 4868 15
1354 4807 1382 4852 iu
1395 4822 1427 4853 m.
