3992 5759
770 761 892 810 SABBA
900 761 944 810 TO
970 761 1124 810 SANCTO.
1506 773 1551 825 133

333 912 505 994 quoniam
517 922 613 996 pater
628 913 733 976 maior
749 934 802 977 me
817 923 875 977 est
921 913 1021 976 Vnde
1043 934 1087 976 ex
1105 913 1211 976 forma
1227 914 1306 977 dei?
1321 934 1384 996 ego
1399 923 1433 976 et
1456 923 1551 995 pater

335 1019 449 1063 vnum
459 1019 583 1064 sumus.
621 998 710 1082 Quia
720 1022 796 1065 cum
807 1001 839 1062 in
851 1000 956 1063 lorma
965 999 1019 1062 dei
1031 1011 1118 1063 esset
1131 1021 1197 1063 non
1211 1002 1361 1083 rapinam
1374 1000 1551 1064 arbitratus

336 1097 397 1149 est
411 1107 484 1149 osse
498 1106 535 1149 se
549 1087 702 1168 equalem
718 1090 791 1151 deo.
835 1087 936 1150 Vnde
951 1107 996 1149 ex
1012 1087 1118 1150 sorma
1143 1088 1251 1150 serui?
1274 1089 1432 1171 quoniam
1458 1098 1552 1171 pater

340 1172 455 1236 maior
493 1194 547 1237 me
584 1184 654 1236 est:
685 1176 764 1255 quia
794 1175 1011 1256 semetipsum
1042 1175 1248 1237 exinaniuit:
1291 1174 1433 1237 sormam
1464 1173 1549 1237 serui

338 1261 520 1341 accipiens
566 1261 718 1324 Accessit
733 1259 824 1343 erg0¹
840 1260 884 1324 ad
909 1282 966 1323 cor
990 1260 1095 1324 altum
1110 1271 1163 1323 :et
1189 1261 1358 1324 exaltatus
1382 1271 1433 1324 est
1459 1261 1550 1324 deus.

340 1345 520 1411 Occiditur
534 1347 654 1410 homo:
670 1357 704 1411 et
720 1348 889 1410 exaltatur
903 1347 994 1410 deus.
1041 1346 1140 1430 Quod
1158 1349 1246 1410 enim
1263 1349 1391 1411 occisus
1413 1358 1483 1411 est:
1506 1369 1551 1410 ex

339 1431 540 1497 infirmitate
548 1433 696 1497 humana
706 1434 776 1498 suit.
814 1433 916 1517 Quod
929 1434 1108 1497 resurrexit
1118 1444 1151 1496 et
1164 1435 1315 1498 ascendit
1330 1455 1374 1498 ex
1385 1444 1552 1516 potestate

337 1520 460 1583 diuina
468 1519 619 1584 accedet2
630 1522 732 1584 homo
741 1520 784 1583 ad
797 1541 854 1583 cor
864 1521 980 1595 altum,
989 1542 1046 1584 cor
1057 1534 1230 1597 secretum,
1242 1542 1299 1584 cor
1310 1520 1554 1598 absconditum,

344 1627 419 1669 non
434 1612 616 1672 ostendens
631 1609 712 1689 quid
729 1617 851 1682 nosset,
863 1628 929 1670 non
946 1607 1126 1671 ostendens
1141 1608 1221 1689 quid
1237 1618 1334 1671 esset.

410 1700 444 1770 (Ι
467 1695 530 1757 Ad
550 1695 671 1757 laudes.
715 1695 912 1776 Antiphane.
958 1694 990 1759 Ο
1016 1715 1105 1756 mors
1132 1715 1189 1757 ero
1217 1715 1305 1758 mors
1330 1705 1397 1772 tua,
1422 1714 1552 1758 morsus

339 1790 423 1844 tuus
438 1800 496 1844 ero
512 1780 665 1855 insemel

565 1944 627 2006 Ad
636 1954 784 2025 vesperas
796 1943 937 2005 absolute
952 1943 1079 2005 dicitur.
1125 1942 1321 2023 Antiphone.

414 2053 592 2129 Halleluia,
614 2054 779 2128 halleluia,
801 2053 965 2116 halleluia
1010 2054 1159 2135 Vespere
1182 2064 1295 2117 autem
1327 2053 1466 2137 sabbati,
1490 2073 1555 2134 que

338 2140 482 2203 lucescit
498 2143 531 2203 in
548 2143 655 2223 prima
669 2140 810 2220 sabbati,
825 2141 915 2204 venit
933 2141 1041 2203 Maria
1058 2140 1268 2222 Magdalene,
1283 2150 1317 2203 et
1333 2140 1436 2204 altera
1447 2140 1555 2202 Maria

340 2227 459 2289 videre
475 2227 686 2309 sepulchrum
705 2227 881 2291 Halleluia

412 2320 445 2390 (
469 2313 595 2377 Deinde
602 2315 730 2396 psalmi
748 2325 785 2377 vt
799 2315 834 2376 in
849 2314 1006 2396 psalterio
1035 2325 1066 2376 et
1091 2314 1126 2376 in
1142 2313 1215 2396 fine
1237 2312 1404 2376 cuiuslibet
1427 2312 1555 2376 dicitur.

339 2400 475 2465 ³Gloria
491 2403 577 2483 patri
592 2413 625 2465 et
642 2401 722 2465 filio³
738 2422 823 2463 ruore
836 2402 928 2464 solito
942 2400 1178 2483 quibusfiaitis
1191 2422 1263 2462 cum
1279 2401 1399 2463 cantt'ce
1423 2400 1555 2482 Magni-

344 2486 440 2551 ficat⁴
453 2489 607 2569 repetitur
620 2489 650 2551 Α
655 2488 817 2569 ntipleena.

412 2575 540 2637 Deinde
554 2574 677 2638 dicitur
689 2574 821 2639 versus⁵
868 2574 1014 2637 Domine
1030 2576 1153 2637 exaudi
1171 2583 1223 2637 etc.

888 2761 1010 2824 Oratio

402 2919 540 2981 Piritum
579 2918 675 2981 nobis
711 2916 846 2979 domine
883 2926 939 2979 tue
983 2915 1154 2978 charitatis
1193 2913 1352 2977 infunde:
1392 2924 1425 2976 vt
1471 2935 1555 2995 quos

415 3006 630 3067 sacramentis
641 3003 852 3086 paschalibus
861 3003 1010 3066 saciasti:
1026 3011 1083 3064 tua
1097 3001 1197 3064 facias
1214 3001 1338 3083 pietate
1353 3001 1534 3064 concordes
1550 3025 1557 3063 z

345 3113 417 3176 per.
435 3094 467 3155 in
483 3092 610 3154 vnitate
625 3091 783 3166 eiusdem,
798 3100 849 3152 etc.

423 3178 548 3242 Versus.
566 3178 808 3241 Benedicamus
821 3175 965 3238 domino.
996 3174 1172 3238 Halleluia.
1193 3173 1369 3238 Halleluia.
1415 3175 1555 3256 Respon-

341 3265 481 3329 son‘um.
527 3265 601 3328 Deo
616 3265 747 3347 gratias.
775 3263 952 3339 Halleluia,
967 3262 1131 3325 halleluia.
1177 3262 1341 3324 Fidelium
1366 3263 1476 3324 anime
1500 3282 1558 3344 per

346 3352 609 3415 misericordiam
626 3361 680 3415 etc.

415 3438 564 3501 Predicta
594 3437 685 3500 moda
714 3436 838 3499 dieitur
865 3436 1108 3499 Benedicamus
1146 3436 1292 3498 domino,
1329 3455 1400 3496 cum
1438 3434 1561 3515 duplici

347 3525 529 3589 Halleluia
559 3525 595 3586 iu
616 3524 688 3606 fine
724 3523 869 3586 uranium
905 3521 1061 3585 iturarum
1092 3533 1155 3602 per
1190 3531 1288 3584 totam
1326 3521 1556 3583 hebdomadam

341 3621 535 3694 sequentem.

414 3705 448 3775 (I
471 3699 533 3761 Ad
551 3698 794 3780 corrpletorium.
849 3697 889 3759 V.
922 3696 1088 3760 Conuerte
1120 3715 1181 3756 nos
1209 3695 1301 3757 Deus
1326 3695 1479 3758 salutaris
1503 3705 1556 3757 etc.

345 3786 445 3850 Deus
461 3786 494 3848 in
511 3787 850 3859 adiutoriummeum,
865 3793 919 3846 etc.
945 3781 1114 3845 Halleluia
1129 3792 1160 3843 et
1173 3792 1275 3844 cetera
1289 3783 1399 3843 onznia
1414 3793 1557 3862 utsupra

339 3882 424 3935 ante
451 3871 726 3953 septuagesimam.
772 3871 820 3933 Et
848 3871 883 3931 in
899 3869 971 3951 fine
995 3868 1174 3949 arite'pleone.
1199 3868 1300 3932 Salua
1325 3889 1395 3931 nos.
1422 3869 1560 3931 additur

345 3959 505 4023 Alleluia.
521 3958 681 4041 usquead
692 3957 926 4020 Ascensianem.

399 4115 407 4146 ¹
425 4116 520 4164 homo:
537 4115 593 4163 add
607 4114 646 4163 61.
660 4112 700 4173 64
1053 4110 1063 4139 ²
1081 4110 1200 4159 accessit:
1219 4121 1258 4173 39.
1269 4122 1309 4170 41.
1324 4109 1363 4158 60.
1378 4110 1418 4158 61,

397 4178 453 4217 ³-⁸
471 4180 632 4244 Magnifica:
650 4178 689 4227 66.
807 4176 817 4206 ⁴
834 4193 880 4225 orer.
895 4175 934 4224 61.
1052 4174 1126 4224 5ουι.
1142 4175 1181 4224 60.
1196 4175 1235 4224 61.
1250 4175 1289 4235 64.
1315 4175 1402 4225 Gloria
1415 4176 1497 4225 Patri:
1516 4177 1555 4226 66.
