3992 5759
777 759 969 812 corrosano
985 758 1227 844 sraerarora
1292 766 1298 778 ·
1555 757 1603 821 ³85

659 936 705 1014 Ἦ
729 937 889 1019 Sisurrt't
902 936 1008 1020 virgo²
1024 935 1171 1019 martyr.l
1218 937 1340 1001 Oratio.

402 1047 678 1174 INdulgentiam
719 1051 814 1113 nobis
850 1071 1031 1133 quesumus
1064 1049 1199 1113 domine
1237 1049 1343 1148 beata·
1363 1047 1415 1148 5N·
1442 1046 1536 1129 virgo
1553 1055 1599 1146 'et

451 1146 577 1217 martyr
607 1137 769 1220 imploret,
795 1158 861 1220 que
890 1138 951 1200 tibi
981 1147 1076 1221 grata
1114 1156 1245 1220 semper
1273 1144 1387 1199 extrtrt
1416 1143 1451 1197 et
1481 1141 1599 1196 mento

394 1223 564 1300 castitatis,
579 1233 613 1286 et
628 1233 684 1287 tue
699 1224 901 1306 professione
917 1225 1047 1287 virtutis
1063 1247 1070 1287 ε
1087 1224 1156 1288 Per.

676 1365 710 1436 ΙΙ
734 1361 779 1425 Si
781 1361 894 1440 fucrit
908 1361 1001 1444 virgo
1017 1371 1154 1426 tontum.
1201 1360 1323 1426 Oratio.

465 1470 579 1534 Xaudi
610 1493 670 1535 nos
700 1472 782 1535 deus
812 1472 963 1534 salutaris
1002 1483 1120 1551 noster,
1153 1483 1190 1537 vt
1219 1475 1304 1537 sicut
1340 1473 1382 1537 de
1420 1473 1517 1537 beate
1556 1471 1597 1538 N.

480 1557 658 1622 sestiuitate
674 1559 877 1641 gaudemus:
900 1560 945 1622 ita
970 1560 1024 1641 pie
1039 1560 1226 1624 deuotionis
1246 1561 1436 1624 erudiamur
1459 1559 1598 1624 affectu:

394 1664 460 1728 per.

652 1786 687 1857 (i
708 1782 778 1844 Pro
793 1783 947 1864 plurr'bus
961 1780 1168 1867 virgim'tost
1215 1783 1337 1848 Oratio.

401 1892 501 2020 DA
519 1893 614 1956 nobis
629 1914 809 1976 quesumus
825 1894 959 1958 domine
975 1895 1057 1959 deus
1077 1905 1188 1959 noster
1204 1919 1211 1958 :
1227 1905 1414 1959 sanctarum
1431 1895 1596 1977 virginum

482 1990 516 2043 et
541 1990 723 2061 martyrum
749 1992 880 2044 tuarum
904 1982 955 2046 .Ν.
978 1993 1012 2046 et
1033 1982 1083 2046 .N.
1101 1983 1228 2065 palmas
1252 1982 1437 2046 incessabili
1462 2002 1597 2045 venera·

392 2067 482 2130 tione
509 2069 657 2130 venerari
685 2092 691 2130 :
718 2079 754 2131 vt
778 2089 861 2151 quas
888 2068 991 2151 digna
1015 2079 1126 2132 mente
1150 2091 1216 2133 non
1233 2090 1409 2152 possumus
1424 2068 1597 2146 celebrare,

392 2153 572 2217 humilibus
587 2153 705 2217 saltem
723 2155 970 2237 frequentemus
985 2155 1154 2237 obsequijs
1170 2179 1177 2218 ε
1194 2157 1263 2219 Per.

457 2246 491 2315 11
513 2241 705 2303 Notandum
728 2242 816 2323 qaoa'
825 2243 997 2321 sisuerint
1011 2243 1157 2324 virgines
1172 2253 1300 2306 tantum
1315 2252 1347 2304 rt
1361 2264 1423 2306 non
1439 2253 1598 2322 martyros

391 2326 558 2401 omittitur
569 2328 604 2390 in
613 2329 761 2409 prodr'cta
776 2329 926 2406 oratt'one,
943 2339 976 2392 et
992 2339 1185 2411 martyrum.

765 2469 800 2540 (i
821 2465 866 2527 *A
870 2464 897 2526 α’
907 2465 1068 2547 vesperas*
1081 2464 1227 2546 hymnus.

436 2574 505 2638 Esu
530 2597 651 2639 corona
678 2577 843 2659 virginum
873 2600 880 2639 z
908 2575 1018 2659 Quem
1045 2588 1151 2640 mater
1177 2577 1232 2641 illa
1257 2578 1403 2660 concipit
1427 2576 1502 2660 Que
1528 2577 1598 2641 sola

448 2663 542 2744 virgo
559 2664 706 2745 parturit,
724 2664 797 2726 Hec
813 2673 892 2727 vota
908 2664 1053 2727 clemens
1069 2666 1189 2746 accipe.

461 2747 528 2831 Qui
559 2752 666 2832 pascis
697 2753 782 2813 inter
813 2750 880 2813 lilia
919 2750 1041 2834 Septus
1078 2750 1220 2814 coronis⁵
1250 2752 1416 2832 virginum
1448 2749 1598 2834 Sponsas

394 2835 555 2899 decorans
570 2837 683 2918 gloria,
700 2835 906 2920 Sponsisque
922 2838 1064 2901 reddens
1080 2839 1215 2920 premia.

461 2921 670 3006 Quocunque
694 2926 803 3006 pergis
825 2926 970 3007 virgines
994 2924 1187 3007 Sequuntur
1210 2935 1310 3007 atque
1325 2923 1479 2988 laudibus
1496 2948 1503 2988 :
1520 2925 1598 2988 Post

393 3018 427 3072 te
443 3020 600 3072 canentes
616 3013 784 3086 cursitant,
802 3011 1025 3093 Hymnosque
1041 3011 1154 3075 dulces
1170 3022 1356 3095 personant.

460 3095 510 3159 Te
541 3096 758 3179 deprecamur
788 3098 918 3179 largius,
951 3099 1081 3162 Nostris
1106 3098 1237 3181 adauge
1264 3098 1439 3175 mentibus,
1464 3098 1599 3162 Nescire

394 3203 527 3265 prorsus
542 3185 655 3246 omnia
672 3186 891 3267 corruptionis
906 3185 1051 3249 vulnera.

462 3269 560 3347 Laus,
587 3270 702 3347 honor,
726 3273 830 3333 virtus
856 3271 960 3353 gloria
986 3272 1051 3335 deo
1077 3274 1162 3354 patri
1187 3282 1221 3335 et
1248 3272 1324 3350 filio,
1349 3271 1474 3337 Sancto
1501 3270 1598 3334 simul

394 3356 569 3438 paracleto.
617 3358 656 3420 In
672 3358 856 3421 seculorum
873 3358 992 3422 secula.
1038 3359 1159 3423 Amen.

819 3505 853 3574 Π
875 3499 944 3562 Pro
959 3520 1026 3561 vna
1042 3499 1177 3581 virgo‘ne.

459 3607 659 3689 Antiphona.
705 3609 792 3672 Veni
809 3631 932 3693 sponsa
956 3611 1088 3688 Christi,
1104 3611 1218 3693 accipe
1238 3630 1405 3688 coronam,
1420 3630 1522 3693 quam
1539 3609 1597 3672 tibi

394 3694 550 3758 dominus
567 3697 756 3777 preparauit
772 3698 804 3758 in
821 3707 980 3762 eternum.

740 3852 774 3921 11
796 3846 866 3907 Pro
873 3847 1029 3929 pluribus
1049 3844 1253 3928 virginibus.⁰

460 3955 659 4037 Antrphona.
719 3956 870 4021 Gloriose
893 3959 1036 4040 virgines
1059 3959 1177 4035 venite,
1193 3959 1332 4041 accipite
1355 3978 1493 4022 coronas
1516 3978 1599 4040 quas

394 4040 551 4105 dominus
567 4046 756 4125 preparauit
772 4045 866 4107 vobis
882 4047 915 4107 in
932 4055 1092 4109 eternum.

456 4195 491 4266 ll
516 4190 701 4256 Cortrmune⁷
714 4203 821 4256 sancte
836 4215 891 4256 noc
904 4195 1047 4277 virginis
1062 4216 1117 4257 nec
1130 4194 1293 4275 ortamno.
1338 4194 1422 4257 Item
1443 4194 1599 4274 martyris

394 4286 531 4342 tantum.

460 4389 521 4451 Ad
533 4391 740 4455 matutinum.
784 4390 1029 4457 Inuitatorium.

460 4501 654 4566 Laudemus
669 4503 769 4567 deum
787 4513 937 4566 nostrum
955 4505 987 4566 in
1004 4503 1211 4567 consessione
1226 4504 1323 4569 beate
1340 4504 1381 4568 N.

441 4673 493 4712 ¹-¹
510 4693 556 4725 om.
571 4689 611 4739 43.
627 4675 666 4739 63.
1047 4674 1114 4726 let:
1130 4679 1186 4727 add.
1201 4690 1240 4742 3o
1255 4691 1295 4739 41·

441 4737 630 4804 ’mam
1043 4741 1264 4840 *myst

440 4803 564 4858 'coreisz
581 4806 622 4870 63.
636 4807 751 4858 choreis:
769 4807 809 4870 64
926 4804 1000 4856 ‘ona
1015 4819 1054 4872 39.
1068 4815 1115 4859 eto
1258 4810 1355 4859 onias:
1370 4809 1426 4859 ada.
1439 4820 1480 4939 33.
1493 4820 1534 4871 41.

436 4887 467 4938 B.
483 4886 516 4938 R.
533 4885 568 4938 N.
1404 4891 1424 4939 2
