3992 5759
392 694 462 744 Dte.
475 693 515 756 8,]
687 695 900 744 CONCEPTIO
915 695 948 745 B.
967 695 1122 744 MARIAB
1144 693 1317 745 VIRGINIS.
1549 689 1595 754 361

393 846 578 911 Mediolani
589 846 972 931 Ambrosioseingressu
982 848 1120 911 ecclesie
1130 846 1327 930 prohibenti,
1337 855 1372 909 et
1381 843 1597 908 commissum

393 933 502 998 scelus
523 954 648 1016 magna
669 954 746 998 curn
770 934 922 998 libertate
945 935 1204 1018 improperanti:
1227 933 1392 1016 paruerit:
1414 942 1449 995 et
1464 930 1597 1014 publice

394 1021 613 1104 penitentiam
634 1023 739 1105 egerit
761 1021 805 1084 ab
828 1022 947 1085 eodem
975 1023 1166 1085 iniunctam.
1197 1021 1344 1084 Demum
1371 1028 1448 1103 post
1473 1016 1598 1081 multos

393 1108 575 1171 exhaustos
611 1108 742 1172 labores
776 1129 836 1191 pro
873 1107 971 1172 Cristi
1004 1108 1152 1178 ecclesia.
1187 1117 1263 1190 post
1300 1106 1405 1170 multa
1438 1105 1596 1168 librorum

392 1194 563 1258 volumina
592 1206 707 1258 sancte
736 1206 771 1259 et
799 1197 966 1278 sapienter
994 1195 1190 1277 conscripta,
1216 1195 1340 1277 pietate
1365 1213 1404 1256 ac
1431 1190 1598 1255 miraculis

391 1279 508 1357 clarus,
521 1281 649 1364 quieuit
663 1286 697 1344 in
709 1280 848 1346 domino
863 1281 969 1365 pridie
984 1302 1091 1345 nonas
1112 1282 1247 1364 Aprilis,
1272 1300 1362 1343 anno
1386 1278 1500 1342 christi
1527 1278 1598 1341 nati

391 1369 549 1433 ccclxxx.
571 1367 675 1433 Cuius
690 1368 812 1432 festum
827 1368 871 1431 ab
885 1370 1025 1432 ecclesia
1039 1368 1224 1432 celebratur
1237 1367 1301 1449 ‚vii
1317 1366 1391 1430 idus
1402 1364 1599 1429 Decembris

391 1474 461 1536 quo
475 1453 530 1519 die
544 1456 720 1538 episcopus
733 1470 864 1518 creatus
877 1465 937 1519 est

667 1597 701 1668 ΙΙ
726 1591 889 1673 conceptu
904 1589 1058 1673 virginisl
1073 1590 1191 1673 duplex
1207 1589 1322 1653 maius.

459 1702 522 1765 Ad
532 1715 686 1786 vesperas.
730 1703 893 1783 Hymnus.
938 1704 1016 1767 Aue
1031 1704 1132 1767 maris
1145 1699 1263 1766 stella2

457 1789 657 1871 Anteiahona.
702 1789 796 1854 Sicut
825 1791 929 1854 lilium
953 1792 1039 1855 inter
1066 1792 1188 1873 spinas,
1209 1791 1257 1851 sic
1282 1788 1391 1850 amica
1415 1805 1490 1849 mea
1513 1786 1598 1848 inter

392 1874 477 1939 filias
493 1876 578 1940 Ade.
625 1877 801 1941 Halleluia

938 1989 1063 2053 Oratio.

470 2099 550 2176 Rus,
577 2101 635 2181 qui
665 2121 724 2183 per
747 2101 995 2164 immaculatam
1022 2101 1158 2183 virginis
1181 2099 1434 2181 conceptionem
1456 2095 1596 2177 dignum

492 2186 561 2249 filio
594 2198 653 2250 tuo
686 2186 913 2251 habitaculum
944 2189 1150 2271 preparasti:
1184 2197 1294 2269 presta
1331 2203 1532 2267 quesumus:
1561 2188 1598 2244 vt

394 2274 480 2336 sicut
502 2294 577 2336 eam
604 2273 648 2336 ab
673 2276 765 2337 omni
794 2275 868 2338 labe
891 2276 1109 2358 preseruasti:
1132 2276 1178 2336 ita
1201 2294 1263 2336 nos
1290 2291 1426 2354 quoque
1453 2267 1597 2332 mundos

394 2361 466 2423 eius
481 2361 715 2424 intercessione
729 2362 773 2424 ad
789 2372 822 2424 te
838 2363 1010 2444 peruenire
1024 2361 1205 2424 concedas:
1227 2381 1294 2443 per.

704 2503 739 2574 (I
754 2498 817 2561 Ad
827 2498 1027 2561 matutinum
1043 2494 1295 2561 inuitaton'mn.³

400 2609 676 2738 leaculatam
689 2612 943 2693 conceptionem
952 2611 1089 2692 virginis
1103 2609 1209 2672 Marie
1220 2608 1433 2683 celebremus,
1443 2601 1598 2678 cristum†

454 2698 526 2759 eius
541 2708 801 2779 preseruatorem
816 2699 994 2761 adoremus
1009 2698 1192 2760 dominum.

458 2783 618 2855 Hymnus.
641 2783 674 2848 Ο
688 2785 832 2867 gloriosa
854 2785 1001 2848 domina
1022 2785 1089 2847 etc.⁴

458 2870 489 2932 A
494 2869 658 2952 ntiplrona.
681 2871 769 2934 Tota
784 2872 921 2954 pulchra
936 2892 972 2934 es
997 2871 1113 2946 Maria,
1126 2880 1162 2934 et
1177 2869 1307 2932 macula
1334 2866 1503 2951 originalis
1530 2884 1597 2928 non

391 2958 492 3019 estin
508 2968 550 3021 te.
598 2957 774 3021 Halleluia

515 3098 550 3169 ΙΙ
576 3093 688 3156 Tertia
701 3094 798 3158 lecto.
841 3095 898 3157 Ex
909 3093 1017 3158 dictis⁵
1030 3104 1223 3157 sanctonum.
1267 3092 1484 3174 Augustinus.

402 3206 642 3336 MAgnifica
658 3206 751 3270 illum
766 3209 823 3288 qui
847 3219 880 3271 te
906 3207 949 3270 ab
972 3208 1065 3270 omni
1092 3217 1229 3289 peccato
1254 3202 1455 3269 reseruauit⁸
1514 3203 1600 3288 Quis

505 3295 596 3357 enim
612 3295 729 3376 inquit,
751 3294 859 3358 dicere
875 3297 1017 3377 poterit:
1039 3296 1110 3357 sine
1135 3303 1272 3376 peccato
1294 3312 1369 3355 sum
1394 3296 1518 3356 natus?
1540 3300 1600 3355 aut

396 3381 542 3443 mundus
556 3400 629 3442 sum
646 3381 689 3444 ab
705 3383 798 3444 omni
822 3383 996 3463 iniquitate
1023 3382 1132 3444 dicere
1157 3379 1315 3444 audebit:
1338 3380 1400 3442 nisi
1427 3379 1483 3442 illa
1505 3379 1600 3461 virgo

396 3468 653 3549 prudentissima
675 3469 860 3530 animatum
888 3468 1050 3551 templum
1078 3468 1132 3530 dei
1158 3463 1308 3530 eccelsi:⁷
1330 3485 1432 3548 quam
1455 3467 1538 3529 deus
1552 3466 1599 3528 sic

393 3553 496 3635 elegit
524 3565 558 3618 et
597 3554 754 3636 preelegit
783 3566 862 3618 ante
893 3554 1009 3618 mundi
1046 3555 1328 3629 constitutionem,
1357 3551 1406 3615 vt⁸
1428 3562 1544 3615 sancta
1565 3561 1601 3616 et

396 3640 609 3703 immaculata
637 3652 743 3704 mater
771 3642 825 3705 dei
849 3640 929 3704 filia⁹
950 3642 995 3705 ab
1016 3653 1132 3705 eterno
1155 3651 1321 3704 reseruata
1345 3641 1533 3722 incorrupta
1555 3639 1600 3701 ab

393 3729 487 3790 omni
505 3728 579 3791 labe
595 3729 730 3810 peccati.

461 3814 626 3878 Hilan'us.
693 3813 725 3878 Ο
754 3815 849 3896 virgo
879 3815 1053 3878 benedicta
1083 3835 1181 3897 super
1195 3834 1313 3877 omnes
1344 3813 1504 3876 feminas:
1532 3832 1599 3895 que

396 3897 559 3984 ¹⁰angelos
573 3898 703 3964 vincis¹⁰
718 3903 878 3983 puritate:
901 3921 966 3982 que
981 3921 1099 3964 omnes
1113 3912 1247 3964 sanctos
1261 3920 1397 3982 superas
1412 3901 1544 3982 pietate.

463 3987 646 4070 Ctpn'anus.
691 3986 723 4051 Ο
745 3989 840 4069 virgo
856 3989 941 4051 iusta
962 3998 997 4051 et
1019 3989 1111 4051 omni
1128 3989 1251 4051 iustitia
1277 3986 1486 4069 plenissima:
1507 3987 1601 4049 cuius

392 4077 570 4157 conceptio
585 4074 767 4156 singularis.

459 4160 614 4224 Basilius.
660 4160 692 4225 Ο
708 4161 812 4223 maria
827 4171 862 4223 tu
878 4161 1031 4224 candoris
1045 4172 1080 4225 et
1093 4160 1222 4224 decoris
1245 4159 1359 4236 forma,
1374 4162 1427 4223 cui
1450 4161 1483 4223 in
1506 4160 1601 4223 terris

394 4266 460 4310 uon
476 4258 527 4310 est
542 4247 688 4328 equalis:
711 4268 770 4311 nec
787 4249 819 4310 in
834 4245 937 4311 celis¹¹
954 4249 1061 4312 ianua

442 4380 454 4475 b
469 4383 745 4511 m‘gaffrers'riqadd
767 4448 822 4509 41.]
837 4449 869 4543 i?
884 4450 960 4513 officio
970 4449 1098 4526 sabbatino
1107 4449 1234 4497 eiusdem:
1250 4451 1307 4498 odd
1321 4461 1360 4512 39.
1374 4462 1415 4510 41.
1450 4449 1506 4510 [See
1516 4449 1600 4509 below,

396 4527 420 4576 p·
435 4510 653 4691 ³:garjgruired'rsru
663 4579 693 4625 in
703 4579 779 4643 officio
788 4513 916 4672 subdival:
924 4513 1057 4674 ξίιιιςὶτκ.
1067 4591 1115 4693 3⁶9ti
1120 4592 1160 4640 41.
1196 4579 1385 4696 [sarmff
1398 4579 1468 4644 382]

443 4659 733 4823 &Qu
847 4655 1057 4772 ιξῐίἵῖῖὶὶῑ
1249 4645 1599 4777 nummu...
