3992 5759
717 456 764 505 IN
777 457 848 506 FES
852 457 877 505 Τ
875 459 897 506 O
914 457 1162 507 ASCENSIONIS
1176 459 1329 509 DOMINI.

680 621 685 628 ι
724 666 758 737 (1
781 659 951 734 Homolion
964 661 1072 723 sancti
1087 660 1241 744 Gregorij
1247 673 1334 743 papo.

501 772 580 835 Vod
607 774 877 836 resurrectionem
901 773 1105 835 dominicam
1128 772 1280 854 discipuli
1303 774 1398 837 tarde
1419 774 1630 838 crediderunt

516 880 583 922 non
600 870 669 923 tam
681 859 811 922 illorum
825 859 999 922 infirmitas
1014 880 1116 941 quam
1129 870 1242 923 nostra
1257 864 1307 939 (vt
1324 863 1370 923 ita
1381 861 1506 942 dicam)
1525 861 1628 924 sutur-

426 968 447 1009 a
475 947 614 1010 firmitas
631 948 701 1011 luit.
749 947 826 1029 Ipsa
851 967 996 1027 namque
1022 949 1216 1010 resurrectio
1239 947 1302 1009 illis
1325 947 1555 1012 dubitantibus
1572 969 1630 1030 per

426 1034 535 1096 multa
543 1045 742 1116 argumenta
752 1043 936 1097 monstrata
946 1044 997 1096 est
1008 1054 1075 1115 que
1087 1035 1171 1095 dum
1179 1053 1238 1096 nos
1252 1034 1400 1117 legentes
1416 1036 1629 1117 agnoscimus

424 1119 507 1203 quid
523 1120 614 1184 aliud
627 1141 727 1203 quarn
745 1119 800 1183 del
810 1120 940 1183 illorum
954 1120 1164 1182 dubitatione
1179 1121 1386 1184 solidamur?
1412 1122 1524 1185 Minus
1539 1123 1628 1185 enim

426 1208 508 1270 mihi
528 1208 635 1270 Maria
653 1207 854 1290 Magdalene
870 1208 1021 1289 prestitit,
1038 1228 1102 1290 que
1115 1208 1211 1269 citius
1227 1208 1375 1283 credidit,
1391 1207 1470 1290 qua2
1480 1210 1629 1272 Thomas

425 1296 484 1377 qui
509 1296 567 1357 diu
595 1295 768 1357 dubitauit.
815 1293 875 1357 llle
902 1296 1025 1357 etenim
1052 1295 1237 1358 dubitando
1263 1294 1435 1357 vulnerum
1461 1298 1629 1359 cicatrices

424 1383 537 1464 tetigit
561 1392 595 1445 et
619 1384 662 1445 de
687 1392 800 1444 nostro
825 1391 958 1463 pectore
981 1381 1162 1444 dubietatis
1187 1381 1306 1444 vulnus
1329 1383 1526 1465 amputauit.
1571 1383 1627 1445 Ad

425 1467 993 1550 insinuandum³quoqueveritatem
1005 1468 1172 1530 dominice
1183 1468 1628 1545 resurrectioni5,notandum

425 1555 538 1619 nobis*
562 1556 653 1636 quod
682 1556 791 1618 Lucas
815 1555 912 1618 relert
936 1556 1060 1619 dicens.
1105 1554 1317 1618 Conuescens
1340 1557 1485 1638 precepit
1511 1557 1559 1618 eis
1585 1559 1629 1619 ab

427 1642 674 1723 Hierosolymis
701 1662 742 1705 ne
768 1641 985 1714 discederent,
1013 1653 1046 1704 et
1073 1652 1149 1723 post
1175 1663 1288 1724 pauca.
1334 1641 1536 1706 Videntibus
1565 1643 1628 1706 illis

423 1728 575 1792 eleuatus
599 1740 715 1793 estzet
742 1731 846 1791 nubes
873 1730 1018 1810 suscepit
1043 1749 1119 1791 eum
1137 1730 1180 1791 ab
1206 1730 1309 1791 oculis
1333 1749 1457 1792 eorum.
1504 1730 1629 1793 Notate

423 1816 527 1880 verba
541 1816 702 1898 :signate5
726 1817 883 1896 mysteria
895 1840 901 1877 ε
913 1815 1125 1878 Conuescens
1148 1816 1297 1879 eleuatus
1320 1827 1379 1879 est.
1424 1815 1581 1880 Comedit
1596 1828 1629 1880 et

422 1902 575 1966 ascendit
591 1913 625 1965 vt
641 1903 793 1966 videlicet
816 1923 875 1985 per
890 1903 1044 1964 eflectum
1068 1903 1281 1965 comestionis
1303 1904 1423 1966 veritas
1447 1915 1630 1985 patesceret

421 1991 542 2052 carnis.
590 1991 724 2052 Marcus
739 2010 817 2051 vero
840 1991 1031 2071 priusquam
1055 1988 1143 2051 celos
1165 1989 1321 2052 dominus
1343 1990 1536 2053 ascenderet
1553 2011 1629 2054 eum

420 2077 466 2140 de
481 2075 591 2139 cordis
608 2088 709 2158 atque
732 2076 938 2139 infidelitatis
954 2076 1075 2138 duritia
1102 2077 1288 2158 increpasse
1315 2077 1494 2158 discipulos
1526 2098 1630 2140 mem·

422 2181 507 2239 orat,
536 2162 628 2246 lQua
652 2166 685 2227 in
715 2162 761 2226 re⁶
787 2164 867 2245 quid
894 2163 1183 2243 consyderandum
1210 2174 1269 2240 est,
1296 2164 1356 2225 nisi
1388 2164 1479 2245 quod
1507 2165 1630 2228 idcirco

423 2252 581 2314 dominus
596 2262 675 2315 tunc
692 2251 871 2332 discipulos
888 2251 1081 2331 increpauit,
1096 2270 1172 2312 curn
1195 2251 1409 2332 corporaliter
1432 2251 1564 2333 reliquit
1577 2263 1629 2315 :vt

395 2338 525 2401 ‘verba
570 2359 635 2421 que
684 2338 841 2401 recedens
882 2337 1007 2400 diceret
1049 2338 1080 2398 in
1120 2336 1219 2399 corde
1257 2339 1463 2400 audientium
1509 2336 1629 2401 acrius⁷

424 2426 587 2508 impressa
603 2436 821 2488 remanerent.
869 2425 1044 2505 Increpata
1068 2424 1167 2506 igitur
1189 2444 1303 2486 eorum
1320 2426 1450 2500 duritia,
1466 2427 1545 2506 quid
1570 2427 1628 2488 ad·

424 2513 594 2575 monendo
634 2513 723 2575 dicat
754 2512 937 2575 audiamus
1007 2511 1143 2573 Eundes
1175 2512 1207 2572 in
1240 2511 1401 2573 mundum
1439 2512 1628 2575 uniuersum

425 2601 593 2682 predicate
624 2599 836 2681 euangelium
866 2598 959 2660 omni
998 2610 1155 2660 creature.
1217 2598 1377 2678 Nunquid
1418 2598 1533 2661 fratres
1565 2600 1627 2661 mei

422 2697 577 2749 sanctum
601 2685 812 2768 euangelium
829 2684 880 2746 vel
904 2685 1079 2747 insensatis
1103 2684 1198 2746 rebus
1222 2684 1288 2746 vell
1303 2685 1407 2748 brutis
1430 2686 1629 2748 animalibus

426 2773 532 2836 suerat
568 2773 816 2854 predicandum,
840 2782 876 2835 vt
910 2772 953 2834 de
977 2793 1017 2834 eo
1045 2771 1239 2853 discipulus⁹
1265 2773 1394 2834 dicatur
1428 2795 1434 2832 :
1463 2773 1630 2854 predicate

425 2859 635 2942 euangelium
652 2861 742 2921 omni
754 2865 928 2922 creature?
974 2858 1041 2922 Sed
1054 2860 1162 2920 omnis
1175 2867 1322 2921 creature
1336 2858 1470 2921 nomine
1480 2861 1630 2940 signatur

426 2947 538 3010 homo

911 3089 945 3157 (l
962 3083 1023 3144 Ad
1033 3082 1152 3145 landes,

490 3196 688 3276 Antiphonti.
733 3196 805 3258 Viri
829 3195 938 3276 galilei
963 3196 1042 3276 quid
1069 3195 1216 3275 aspicitis
1242 3195 1274 3256 in
1301 3194 1435 3256 celum?
1459 3195 1511 3257 hic
1537 3195 1629 3257 lesus

423 3284 480 3365 qui
498 3294 689 3365 assumptus
706 3295 756 3344 est
771 3303 791 3344 a
806 3283 901 3344 vobis
917 3283 948 3343 in
965 3282 1095 3344 celum:
1119 3282 1165 3343 sic
1182 3282 1292 3343 veniet
1311 3281 1488 3345 Halleluia.

492 3369 613 3433 Oratio.
659 3369 815 3434 Concede
827 3389 1007 3450 quesumus
1022 3366 1110 3431 etc.¹⁰

879 3513 913 3581 (i
930 3507 990 3568 Ad
1002 3517 1155 3587 vesperas.

490 3618 655 3699 Hymnus.
704 3619 779 3681 lesu
790 3629 903 3681 nostra
916 3618 1101 3698 redemptio
1116 3615 1196 3679 etc.¹⁰

490 3703 690 3787 Antiphone.
735 3705 767 3768 Ο
784 3725 843 3767 rex
860 3704 963 3785 glorie
980 3704 1113 3766 domine
1137 3705 1296 3767 virtutum
1322 3705 1379 3784 qui
1407 3705 1630 3787 triumphator

425 3793 525 3855 hodie
540 3813 640 3874 super
655 3812 772 3854 omnes
787 3792 876 3853 celos
892 3791 1082 3864 ascendisti,
1093 3811 1134 3852 ne
1147 3790 1358 3871 derelinquas
1376 3811 1436 3853 nos
1453 3793 1628 3873 orphanos,

425 3881 484 3942 sed
501 3881 596 3942 mitte
613 3880 813 3961 promissum
831 3880 933 3960 patris
951 3879 982 3939 in
1000 3898 1061 3940 nos
1077 3879 1229 3958 spiritum
1247 3878 1403 3940 veritatis,
1453 3878 1629 3942 Halleluia.

488 3965 730 4042 {Notandum
752 3966 840 4047 qnod
858 3965 1098 4037 inuitatorimn,
1114 3964 1235 4044 hymni,
1258 3964 1453 4045 antiphone:
1476 3975 1506 4026 ct
1527 3966 1630 4027 oratt‘o

423 4050 524 4115 huius
552 4052 621 4114 Δία’
646 4053 802 4115 donantur
837 4052 871 4113 in
901 4051 1050 4112 onznibns
1085 4051 1196 4112 dnobus
1232 4072 1329 4132 osque
1358 4052 1406 4113 ad
1424 4062 1630 4132 pentecosten.

422 4139 553 4223 modo
568 4160 631 4201 non
647 4139 916 4218 occum'tscsnmt
932 4138 1054 4218 duplex.

473 4317 546 4369 ¹om.
561 4317 600 4382 38.
1075 4317 1194 4383 2quam:
1214 4317 1252 4381 38.
1268 4328 1314 4367 etc.

471 4381 805 4479 :insutuandam:39.etc.
893 4446 986 4492 ΗΟ
1062 4383 1283 4478 festzaddssj.
1326 4447 1335 4478 ⁷
1407 4449 1412 4459 Ι
1453 4467 1459 4478 .

498 4464 613 4513 srgmre.
630 4465 671 4510 44.
905 4477 937 4485 -
969 4465 1045 4512 „nare
1060 4465 1127 4498 iure.
1147 4460 1185 4512 39.
1352 4460 1459 4498 arctius.
1478 4463 1516 4512 39.
1531 4461 1578 4499 etc.

471 4512 544 4565 ἠε
561 4525 601 4577 43„
898 4512 1069 4578 'discipulisz
1088 4527 1126 4576 39.
1141 4525 1188 4563 etc.
1323 4511 1343 4542 ¹⁰
1359 4522 1386 4562 vt
1397 4523 1491 4577 snpra:
1510 4527 1549 4578 39.
1564 4529 1604 4576 41.
