3992 5759
804 730 978 779 sacrifico
1005 729 1053 778 m
1075 730 1193 779 areis.
1558 743 1603 791 141

392 884 531 948 tenebre
545 883 710 948 vitiorum.
755 883 908 948 Carnalia
924 902 1004 944 vero
1020 881 1183 944 desideria
1198 890 1232 944 et
1247 901 1349 962 opera
1365 880 1453 944 mala
1467 882 1607 945 tenebre

393 981 481 1036 sunt.
529 971 568 1033 In
585 990 726 1052 quorum
742 969 897 1032 cordibus
913 968 996 1031 tales
1021 969 1157 1032 tenebre
1172 977 1258 1043 sunt,
1274 987 1340 1030 non
1356 967 1471 1031 vident
1494 968 1604 1032 lucem

393 1067 428 1122 et
442 1078 512 1121 non
536 1057 727 1138 intelligunt
743 1056 911 1121 Christum
937 1056 1016 1137 quia
1035 1055 1187 1120 Christus
1212 1054 1272 1117 lux
1299 1064 1358 1118 est.
1403 1054 1568 1137 Repellite
1584 1077 1605 1118 a

393 1144 489 1208 vobis
505 1144 622 1207 fratres
637 1144 801 1220 tenebras,
816 1143 849 1205 id
865 1155 916 1205 est
931 1163 1048 1205 omnes
1064 1142 1311 1218 delectationes,
1326 1151 1359 1204 et
1374 1142 1487 1204 omnia
1502 1162 1605 1224 opera

396 1230 494 1307 mala,
516 1240 551 1294 et
577 1240 691 1294 curate
714 1230 836 1293 habere
863 1240 1023 1303 aromata,
1050 1229 1111 1291 hoc
1136 1238 1195 1305 est,
1219 1230 1404 1291 orationem
1433 1228 1604 1304 mundam,

395 1317 635 1382 dicentescum
657 1317 850 1400 psalmista:
896 1316 1068 1397 Dirigatur
1090 1315 1196 1378 oratio
1221 1336 1296 1377 mea
1319 1315 1405 1377 sicut
1431 1316 1603 1378 incensum

396 1405 428 1468 in
452 1413 635 1486 conspectu
666 1414 734 1480 tu0‚
761 1424 838 1466 ecce
866 1403 974 1465 Maria
1002 1403 1244 1484 perseuerando
1273 1402 1316 1464 ad
1348 1395 1601 1465 monumentum

396 1511 495 1574 quem
523 1491 685 1572 querebat
711 1491 847 1567 inuenit,
863 1490 941 1571 quia
965 1490 1022 1570 qui
1051 1490 1310 1571 perseuerauerit
1325 1509 1429 1570 vsque
1452 1489 1484 1551 in
1502 1489 1605 1552 finem

397 1578 508 1641 saluus
523 1576 607 1642 erit.l

938 1695 1061 1759 Oratio.

398 1808 664 1941 OMnipotens
687 1810 887 1891 sempiterne
915 1808 996 1871 deus
1023 1809 1078 1889 qui
1107 1808 1261 1890 paschale
1292 1818 1536 1871 sacramentum
1568 1808 1603 1870 in

483 1897 760 1959 reconciliationis
797 1896 942 1958 humane
981 1895 1092 1957 sedere
1129 1893 1307 1968 contulisti,
1344 1895 1388 1957 da
1435 1895 1601 1958 mentibus

397 1984 526 2057 nostris,
563 1996 599 2046 vt
637 1983 727 2065 quod
766 1982 969 2065 professione
1006 1982 1212 2044 celebramus
1250 1982 1419 2044 imitemur
1458 1980 1603 2044 affectu.‘·’

399 2071 466 2134 Per.

555 2212 589 2281 (Ι
613 2204 754 2269 Sabbata
769 2205 807 2267 de
820 2214 934 2267 octaua
948 2223 988 2265 ex
1004 2202 1140 2266 Genesi.³
1182 2203 1418 2284 Lectt'oprima.

400 2317 536 2447 ABijt
565 2326 601 2417 et
629 2315 1074 2417 attulitdeditquematri,
1104 2315 1233 2397 parauit
1266 2315 1321 2377 illa
1351 2314 1442 2377 cibos
1544 2316 1603 2396 qui

482 2403 691 2467 benedixerit
706 2404 775 2478 tibi,
791 2402 1077 2465 benedictionibus
1094 2402 1266 2483 repleatur.

676 2546 710 2615 (Ι
727 2539 910 2602 Secundum
925 2538 1103 2600 [erinnem.4
1145 2538 1251 2600 Lectio
1267 2538 1310 2618 .ὴὶ

454 2651 560 2716 Ostea
585 2652 810 2715 manifestauit
833 2673 868 2716 se
895 2653 1012 2713 iterum
1040 2652 1149 2713 lesum
1241 2671 1302 2713 nec
1329 2651 1438 2733 ipsum
1462 2653 1602 2716 arbitror

470 2739 633 2803 mundum
650 2759 768 2821 capere
784 2758 881 2820 posse
897 2758 954 2801 eos
970 2738 1028 2820 qui
1043 2739 1207 2800 scribendi
1224 2746 1302 2800 sunt
1317 2738 1426 2802 libros.

669 2882 703 2951 (Ι
730 2876 841 2938 Tertia
855 2876 943 2938 lectio
957 2876 1129 2938 secundum
1145 2874 1320 2938 Ioanncm.⁵

402 2988 468 3117 IN
492 2987 551 3050 illo
573 2998 741 3070 ternpore:
772 2987 850 3050 Vna
873 2987 1003 3050 sabbati
1028 2987 1134 3049 Maria
1162 2986 1363 3069 Magdalene
1386 2988 1477 3050 venit
1502 3008 1599 3051 maire

449 3094 527 3138 cum
544 3075 652 3138 adhuc
675 3075 811 3138 tenebre
826 3084 937 3138 essent
952 3075 994 3136 ad
1012 3073 1289 3137 monumentum.⁶

720 3210 894 3293 Hoiuelia'r
907 3211 1015 3274 sancti
1030 3211 1275 3293 Gregorijpapc.

402 3321 601 3452 FRactus⁷
626 3324 726 3405 longa
753 3324 905 3387 molestia
931 3323 1132 3398 stomachus
1152 3323 1209 3386 diu
1237 3345 1289 3385 me
1316 3323 1468 3386 charitati
1493 3334 1601 3388 vestre

475 3410 683 3475 delectionis⁸
708 3410 900 3493 euangelice
930 3410 1020 3492 loqui
1051 3410 1261 3490 expositione
1292 3410 1466 3492 prohibuit.
1520 3410 1599 3475 Vox

396 3518 542 3580 namque
572 3499 644 3580 ipsa
671 3518 690 3560 a
717 3498 870 3560 clamoris
896 3498 1017 3559 virtute
1048 3497 1242 3573 succumbit,
1268 3507 1302 3559 et
1332 3498 1410 3579 quia
1436 3517 1456 3560 a
1488 3498 1601 3561 multis

397 3582 518 3648 audiri⁹
542 3605 607 3647 non
636 3584 750 3647 valeo:
783 3585 883 3665 loqui,
909 3585 1024 3660 fateor,
1048 3586 1133 3646 iuter
1160 3584 1282 3646 multos
1308 3585 1475 3647 erubesco.
1532 3585 1600 3649 Sed

395 3670 482 3734 hanc
514 3672 546 3734 in
578 3691 631 3733 me
658 3670 900 3746 verecundiam,
927 3680 960 3733 et
991 3671 1061 3752 ipse
1092 3670 1304 3752 reprehendo.
1365 3670 1455 3752 Quid
1485 3672 1602 3735 enim?

397 3757 571 3839 Numquid
588 3759 614 3820 si
632 3759 744 3821 multis
768 3757 924 3840 prodesse
951 3777 1080 3838 nequeo
1096 3778 1156 3819 nec
1182 3758 1295 3839 paucis
1319 3758 1467 3820 curabo?
1513 3759 1559 3822 Et
1575 3759 1601 3821 si

395 3865 442 3908 ex
458 3864 566 3907 messe
590 3854 722 3927 portare
750 3845 937 3926 manipulos
965 3845 1087 3906 multos
1104 3864 1168 3905 non
1187 3864 1330 3926 possum,
1348 3844 1496 3927 nunquid
1522 3865 1600 3909 nam

396 3931 505 3995 debeo
527 3931 570 3994 ad
594 3951 705 3993 aream
722 3951 845 3993 vacuus
868 3930 997 3992 redire?
1044 3930 1207 4012 Quamuis
1230 3932 1317 3993 enim
1334 3942 1479 4013 quantos
1494 3931 1603 3995 debeo

397 4019 482 4083 ferre
506 4039 573 4081 non
589 4018 694 4094 valeo,
709 4028 797 4081 certe
812 4017 863 4080 vel
891 4038 1024 4099 paucos,
1039 4029 1127 4079 certe
1143 4017 1192 4079 vel
1218 4020 1414 4093 duos‚,certe
1430 4019 1481 4080 vel
1498 4039 1601 4082 vnum

398 4105 511 4169 feram.
559 4105 673 4167 Habet
696 4124 840 4186 namque
863 4105 935 4186 ipsa
965 4103 1165 4167 infirmitas¹⁰
1191 4104 1331 4167 intentio
1357 4104 1516 4167 mercedis
1543 4125 1602 4168 sue

397 4190 641 4267 certitudinem,
650 4192 728 4273 quia
740 4212 903 4273 supernus
917 4191 1039 4253 arbiter
1055 4200 1174 4268 noster,
1186 4200 1219 4254 et
1232 4192 1258 4253 si
1269 4190 1400 4273 pondus
1415 4194 1606 4255 considerat

400 4279 434 4343 in
459 4278 674 4342 retributione
701 4288 812 4341 tamen
836 4279 921 4341 vires
952 4289 1070 4360 pensat
1095 4279 1127 4339 in
1156 4278 1310 4359 pondere.
1356 4279 1473 4341 Lectio
1497 4280 1603 4342 sancti

400 4365 565 4448 euangelii
578 4385 679 4446 quam
697 4365 798 4428 modo
810 4366 926 4428 fratres
941 4365 1089 4439 audistis,
1100 4365 1197 4427 valde
1213 4366 1245 4426 in
1262 4364 1433 4447 superficie
1448 4365 1602 4428 historica

400 4460 452 4517 est
466 4465 591 4536 aperta,
605 4451 664 4514 sed
680 4453 750 4515 eius
766 4453 861 4515 nobis
877 4463 954 4515 sunt
970 4451 1129 4533 mysteria
1144 4452 1206 4515 sub
1222 4451 1384 4515 breuitate
1400 4453 1603 4533 requirenda.

449 4585 459 4618 ¹
476 4587 514 4638 Te
525 4588 626 4637 Deum:
644 4589 699 4637 add.
713 4587 752 4662 .⁶³·
921 4584 932 4616 Β
948 4587 1037 4636 effectu
1049 4604 1064 4662 :¹
1073 4599 1112 4649 39.
1132 4596 1179 4636 etc.
1280 4583 1290 4616 ³
1306 4585 1391 4647 [xxvii.
1408 4587 1508 4648 14-29.]

449 4651 828 4782 :hiliishiiisssit
922 4650 1126 4779 {harisliz

450 4779 462 4814 ⁸
477 4783 509 4834 de
520 4783 651 4834 lectionis:
670 4794 709 4846 39
726 4793 773 4834 etc.
922 4780 933 4811 ⁹
949 4782 1050 4832 audire:
1069 4781 1108 4844 38.
1277 4779 1296 4812 ¹⁰
1312 4780 1479 4833 infirmitatis:
1499 4794 1537 4846 39.
1556 4792 1607 4833 etc.
