3992 5759
711 723 902 773 Donmlcu
922 726 1044 773 Pulsus
1063 726 1230 774 ADt'an'T
1231 727 1281 776 (15⁴.

874 909 905 978 (1
930 903 992 966 Aa
1003 905 1145 967 tertiam.

464 1014 560 1076 Pater
575 1024 695 1076 noster.
720 1014 796 1076 Aue
812 1015 924 1077 Maria.
967 1015 1094 1078 Versus.
1120 1014 1212 1077 Deus
1225 1016 1257 1077 in
1268 1016 1469 1079 adiutorium
1481 1035 1601 1078 meum.

386 1110 446 1162 stc.

917 1214 1081 1295 Hunmus.

400 1324 554 1450 Nii'nc
570 1336 684 1388 sancte
700 1327 954 1408 nobisspiritus,
981 1326 1093 1388 Vnum
1123 1329 1208 1408 patri
1234 1347 1308 1389 cum
1336 1325 1404 1388 tilio
1450 1325 1599 1406 Dignare

404 1376 422 1451 1
494 1423 668 1493 promptus
684 1414 797 1496 ingeri,
815 1414 939 1476 Nostro
955 1413 1082 1475 refusus
1100 1415 1231 1496 pectori,

462 1497 521 1574 Os,
558 1498 679 1579 lingua,
718 1520 821 1573 mens
859 1519 985 1574 sensus,
1024 1500 1130 1583 Vigor
1161 1498 1380 1565 consessione¹
1411 1509 1603 1581 personent,

395 1584 621 1649 flammescat
638 1588 714 1669 igne
731 1587 893 1650 charitas:
919 1587 1094 1651 Accendat
1109 1589 1208 1651 ardor
1224 1587 1404 1668 proximos.

463 1673 576 1736 Presta
599 1682 694 1753 pater
716 1675 873 1756 pijssime,
901 1673 1057 1755 Patrique
1083 1695 1221 1756 compar
1246 1675 1351 1755 unice,
1381 1674 1466 1738 Cum
1483 1673 1600 1753 spiritu

394 1760 574 1840 paraclet0,
591 1760 750 1842 Regnans
767 1782 824 1842 per
839 1782 939 1823 omne
955 1761 1112 1824 seculum.
1159 1762 1280 1823 Amen.

459 1845 588 1909 Deinde
616 1849 801 1927 antiphona,
831 1859 861 1910 et
891 1848 1028 1922 Psalmi,
1060 1868 1096 1910 vt
1120 1849 1154 1909 r'n
1173 1848 1335 1929 psalterio,
1358 1847 1475 1929 quibus
1488 1846 1602 1927 finitis

391 1932 523 1995 dicitur.
580 1934 705 1997 Versus.

461 2021 608 2083 Domine
624 2021 747 2084 exaudi
764 2024 948 2085 orationem
967 2043 1084 2085 meam.
1123 2022 1379 2103 Responsorimn.
1419 2022 1463 2083 Et
1476 2020 1601 2082 clamor

394 2127 489 2169 meus
520 2107 562 2170 ad
587 2118 620 2169 te
644 2110 762 2171 veniat.
809 2109 962 2172 Oremus
1011 2109 1133 2172 Oratio.
1182 2110 1305 2171 Excita
1330 2128 1517 2189 quesumus.
1565 2116 1601 2168 ut

391 2205 493 2274 supra
508 2194 557 2256 ad
568 2195 686 2258 laudes.

460 2311 493 2380 (Ι
518 2305 711 2370 Notandum
735 2308 824 2390 quod
843 2309 892 2369 ad
919 2308 1073 2383 terrram,
1100 2309 1244 2384 Sextum,
1265 2317 1296 2369 et
1318 2307 1459 2381 Nonam,
1480 2317 1605 2385 semper

385 2392 518 2540 egeritrlrr
530 2395 641 2468 oratio,
656 2416 716 2475 qur
730 2395 816 2458 dicta
828 2397 940 2475 sereret
955 2396 1004 2457 ad
1017 2396 1151 2457 Laudes.
1197 2394 1324 2456 Deinde
1347 2390 1601 2455 Benedicamus

425 2480 478 2542 ide
494 2481 583 2542 iumf·

861 2599 893 2669 (i
916 2594 979 2655 Ad
992 2594 1136 2656 Seutaur.

461 2705 559 2766 Pater
590 2714 710 2768 noster.
759 2706 832 2768 Aue
867 2706 981 2767 Maria.
1038 2705 1166 2768 Versus.
1215 2704 1306 2766 Deus
1339 2704 1370 2765 in
1395 2703 1598 2764 adiutorium

383 2800 444 2852 etc.

916 2905 1080 2983 Hymnus.

402 3015 572 3142 REctor
588 3027 706 3096 potens
722 3038 824 3079 verax
841 3018 931 3080 deus
970 3017 1037 3098 Qui
1050 3027 1216 3097 temperas
1227 3035 1335 3077 rerum
1346 3013 1433 3075 vices
1452 3037 1458 3075 :
1483 3012 1602 3092 Splen-

482 3101 563 3164 dore
581 3123 679 3165 mane
696 3105 838 3172 instruis,
856 3104 900 3166 Et
918 3104 1050 3186 ignibus
1067 3103 1246 3165 meridiem.

461 3189 626 3272 Extinge⁴
647 3190 800 3252 flammas
826 3190 956 3254 litium:
992 3190 1099 3253 Auser
1125 3189 1267 3251 calorem
1295 3189 1453 3250 noxium:
1478 3185 1600 3249 Confer

386 3273 533 3338 salutem
551 3297 737 3358 corporum,
754 3278 944 3359 Veramque
960 3297 1078 3358 pacem
1094 3278 1252 3338 cordium.

460 3363 577 3425 Presta
592 3374 687 3446 pater
703 3362 858 3446 pijssime,
873 3374 925 3427 etc.

459 3449 588 3512 Deinde
601 3451 778 3532 antiphona
801 3461 832 3514 et
846 3452 973 3532 psalmi
993 3460 1031 3512 ut
1056 3451 1090 3512 r'u
1109 3450 1274 3531 psalterio,
1290 3458 1341 3511 etc.
1370 3458 1407 3510 ut
1431 3457 1530 3526 supra
1554 3445 1603 3507 ad

399 3534 555 3600 Tertiam.

866 3656 897 3725 (1
923 3650 984 3711 Ad
995 3670 1121 3712 nonam.

461 3760 559 3822 Pater
585 3770 704 3823 noster.
752 3762 828 3825 Aue
857 3761 972 3824 Maria.
1037 3761 1163 3824 Versus.
1222 3760 1313 3822 Deus
1338 3758 1371 3819 in
1397 3756 1599 3820 adiutorium

392 3864 514 3920 meum,
529 3857 581 3908 etc.

916 3960 956 4021 H
946 3980 1078 4040 ymnus.

401 4069 572 4197 RErum
599 4071 683 4133 deus
707 4081 810 4134 tenax
831 4072 934 4154 vigor,
964 4071 1129 4133 immotus
1155 4070 1187 4131 in
1213 4080 1246 4131 te
1274 4086 1472 4149 permanens
1502 4066 1601 4127 Lucis

482 4157 599 4219 diurne
614 4168 776 4240 tempora,
793 4158 1008 4221 Successibus
1024 4158 1259 4221 determinans.

461 4243 598 4325 Largire
624 4244 749 4308 clarum
777 4266 934 4328 vespere:
967 4245 1046 4328 Quo
1072 4245 1141 4308 vita
1162 4262 1325 4324 nusquam
1353 4239 1506 4303 decidat:
1531 4238 1598 4301 Sed

392 4331 555 4412 premium
573 4332 688 4394 mortis
702 4353 796 4395 sacre
813 4334 969 4395 Perennis
986 4336 1087 4396 instet
1102 4330 1216 4414 gioria.

461 4417 575 4480 Presta
591 4429 685 4501 pater
700 4419 857 4502 pijssime,
872 4430 925 4482 etc.

458 4504 594 4581 Deinde,
614 4505 800 4587 antiphona,
826 4516 858 4569 et
871 4506 998 4587 psalmi
1020 4515 1056 4569 ut
1072 4507 1108 4567 in
1124 4504 1298 4579 Psalterio,
1313 4511 1366 4564 etc.
1390 4510 1540 4582 utsupra
1555 4500 1603 4562 ad

399 4590 554 4653 Tertiam.

442 4721 448 4750 ¹
467 4722 666 4774 contessionem:
685 4739 777 4788 39.41.
793 4727 832 4776 60.
847 4728 886 4775 ⁶1.
901 4727 941 4790 63.
956 4727 995 4786 64.
1011 4727 1050 4775 66.
1143 4724 1154 4754 “·’
1171 4734 1209 4774 et:
1226 4726 1282 4773 add·
1298 4736 1336 4786 39·
1351 4736 1390 4782 4¹·

441 4788 451 4813 ιι
470 4798 496 4836 24
507 4801 600 4854 ,mn
616 4791 673 4841 m
687 4804 727 4854 39,
1145 4791 1155 4820 ⁴
1177 4791 1245 4839 Tlms
1257 4789 1297 4853 38.
1336 4788 1477 4853 Extingue:
1497 4803 1535 4854 39.
1550 4800 1598 4840 etc.
