<?xml version="1.0" encoding="UTF-8"?>
<!DOCTYPE html PUBLIC "-//W3C//DTD XHTML 1.0 Transitional//EN"
    "http://www.w3.org/TR/xhtml1/DTD/xhtml1-transitional.dtd">
<html xmlns="http://www.w3.org/1999/xhtml" xml:lang="en" lang="en">
 <head>
  <title>
</title>
<meta http-equiv="Content-Type" content="text/html;charset=utf-8" />
  <meta name='ocr-system' content='tesseract 3.04.00' />
  <meta name='ocr-capabilities' content='ocr_page ocr_carea ocr_par ocr_line ocrx_word'/>
</head>
<body>
  <div class='ocr_page' id='page_1' title='image "./secondrecension00churgoog_0331.png"; bbox 0 0 3992 5759; ppageno 0'>
   <div class='ocr_carea' id='block_1_1' title="bbox 855 1327 1164 1404">
    <p class='ocr_par' dir='ltr' id='par_1_1' title="bbox 855 1327 1164 1404">
     <span class='ocr_line' id='line_1_1' title="bbox 855 1327 1164 1404; baseline 0.006 -13"><span class='ocrx_word' id='word_1_1' title='bbox 855 1334 889 1404; x_wconf 66' lang='grc' dir='ltr'><em>(ἶ</em></span> <span class='ocrx_word' id='word_1_2' title='bbox 913 1327 1164 1395; x_wconf 86' lang='lat' dir='ltr'>OFFICIUM¹</span> 
     </span>
    </p>
   </div>
   <div class='ocr_carea' id='block_1_2' title="bbox 762 1489 1259 1556">
    <p class='ocr_par' dir='ltr' id='par_1_2' title="bbox 762 1489 1259 1556">
     <span class='ocr_line' id='line_1_2' title="bbox 762 1489 1259 1556; baseline 0.008 -4"><span class='ocrx_word' id='word_1_3' title='bbox 762 1490 891 1553; x_wconf 69' lang='lat' dir='ltr'><em>Beris</em></span> <span class='ocrx_word' id='word_1_4' title='bbox 913 1489 1097 1555; x_wconf 74' lang='lat' dir='ltr'><em>vrnc11s1s²</em></span> <span class='ocrx_word' id='word_1_5' title='bbox 1122 1491 1259 1556; x_wconf 70' lang='lat' dir='ltr'><em>Minus..</em></span> 
     </span>
    </p>
   </div>
   <div class='ocr_carea' id='block_1_3' title="bbox 340 1625 1611 2750">
    <p class='ocr_par' dir='ltr' id='par_1_3' title="bbox 340 1625 1608 2144">
     <span class='ocr_line' id='line_1_3' title="bbox 467 1625 1607 1710; baseline -0.001 -21"><span class='ocrx_word' id='word_1_6' title='bbox 467 1631 501 1702; x_wconf 72' lang='lat' dir='ltr'><em>(I</em></span> <span class='ocrx_word' id='word_1_7' title='bbox 523 1627 716 1690; x_wconf 84' lang='lat' dir='ltr'><em>Notandum</em></span> <span class='ocrx_word' id='word_1_8' title='bbox 731 1626 819 1707; x_wconf 89' lang='lat' dir='ltr'><em>quod</em></span> <span class='ocrx_word' id='word_1_9' title='bbox 830 1626 865 1688; x_wconf 91' lang='lat' dir='ltr'><em>in</em></span> <span class='ocrx_word' id='word_1_10' title='bbox 880 1626 1028 1689; x_wconf 89' lang='lat' dir='ltr'><em>omnibus</em></span> <span class='ocrx_word' id='word_1_11' title='bbox 1046 1625 1189 1690; x_wconf 85' lang='lat' dir='ltr'><em>sabbatis</em></span> <span class='ocrx_word' id='word_1_12' title='bbox 1204 1627 1301 1689; x_wconf 88' lang='lat' dir='ltr'><em>totius</em></span> <span class='ocrx_word' id='word_1_13' title='bbox 1314 1626 1451 1710; x_wconf 77' lang='lat' dir='ltr'><em>annifit</em></span> <span class='ocrx_word' id='word_1_14' title='bbox 1470 1625 1607 1709; x_wconf 82' lang='lat' dir='ltr'><em>officium</em></span> 
     </span>
     <span class='ocr_line' id='line_1_4' title="bbox 401 1711 1607 1796; baseline 0.002 -21"><span class='ocrx_word' id='word_1_15' title='bbox 401 1713 547 1777; x_wconf 89' lang='lat' dir='ltr'><em>debeata</em></span> <span class='ocrx_word' id='word_1_16' title='bbox 565 1711 706 1795; x_wconf 65' lang='lat' dir='ltr'><em>virffi‘ne⁶</em></span> <span class='ocrx_word' id='word_1_17' title='bbox 720 1713 812 1774; x_wconf 92' lang='lat' dir='ltr'><em>modo</em></span> <span class='ocrx_word' id='word_1_18' title='bbox 827 1712 1044 1794; x_wconf 72' lang='lat' dir='ltr'><em>infrascripto,</em></span> <span class='ocrx_word' id='word_1_19' title='bbox 1052 1723 1260 1794; x_wconf 82' lang='lat' dir='ltr'><em>preterquam</em></span> <span class='ocrx_word' id='word_1_20' title='bbox 1283 1714 1318 1777; x_wconf 88' lang='lat' dir='ltr'><em>in</em></span> <span class='ocrx_word' id='word_1_21' title='bbox 1340 1713 1483 1777; x_wconf 84' lang='lat' dir='ltr'><em>sabbatis</em></span> <span class='ocrx_word' id='word_1_22' title='bbox 1504 1713 1607 1796; x_wconf 83' lang='lat' dir='ltr'><em>quad·</em></span> 
     </span>
     <span class='ocr_line' id='line_1_5' title="bbox 340 1799 1608 1883; baseline 0.002 -21"><span class='ocrx_word' id='word_1_23' title='bbox 340 1813 342 1816; x_wconf 82' lang='grc'><strong>’</strong></span> <span class='ocrx_word' id='word_1_24' title='bbox 403 1801 568 1883; x_wconf 77' lang='lat' dir='ltr'><em>rugosum,</em></span> <span class='ocrx_word' id='word_1_25' title='bbox 582 1811 614 1863; x_wconf 92' lang='lat' dir='ltr'><em>et</em></span> <span class='ocrx_word' id='word_1_26' title='bbox 627 1800 662 1863; x_wconf 92' lang='lat' dir='ltr'><em>in</em></span> <span class='ocrx_word' id='word_1_27' title='bbox 677 1799 820 1862; x_wconf 84' lang='lat' dir='ltr'><em>sabbatis</em></span> <span class='ocrx_word' id='word_1_28' title='bbox 834 1800 1068 1863; x_wconf 80' lang='lat' dir='ltr'><em>ocaerrentibus</em></span> <span class='ocrx_word' id='word_1_29' title='bbox 1081 1801 1210 1881; x_wconf 89' lang='lat' dir='ltr'><em>quando</em></span> <span class='ocrx_word' id='word_1_30' title='bbox 1215 1800 1265 1883; x_wconf 82' lang='lat' dir='ltr'><em>fit</em></span> <span class='ocrx_word' id='word_1_31' title='bbox 1277 1799 1413 1883; x_wconf 81' lang='lat' dir='ltr'><em>officium</em></span> <span class='ocrx_word' id='word_1_32' title='bbox 1435 1801 1475 1864; x_wconf 90' lang='lat' dir='ltr'><em>de</em></span> <span class='ocrx_word' id='word_1_33' title='bbox 1495 1801 1608 1883; x_wconf 89' lang='lat' dir='ltr'><em>aliqua</em></span> 
     </span>
     <span class='ocr_line' id='line_1_6' title="bbox 401 1885 1607 1969; baseline 0.002 -21"><span class='ocrx_word' id='word_1_34' title='bbox 401 1897 524 1964; x_wconf 90' lang='lat' dir='ltr'><em>octaua,</em></span> <span class='ocrx_word' id='word_1_35' title='bbox 537 1898 570 1951; x_wconf 93' lang='lat' dir='ltr'><em>et</em></span> <span class='ocrx_word' id='word_1_36' title='bbox 590 1887 625 1950; x_wconf 89' lang='lat' dir='ltr'><em>in</em></span> <span class='ocrx_word' id='word_1_37' title='bbox 640 1885 782 1949; x_wconf 85' lang='lat' dir='ltr'><em>sabbatis</em></span> <span class='ocrx_word' id='word_1_38' title='bbox 804 1886 839 1948; x_wconf 89' lang='lat' dir='ltr'><em>in</em></span> <span class='ocrx_word' id='word_1_39' title='bbox 865 1886 982 1967; x_wconf 81' lang='lat' dir='ltr'><em>quobus</em></span> <span class='ocrx_word' id='word_1_40' title='bbox 1008 1887 1160 1950; x_wconf 82' lang='lat' dir='ltr'><em>inaderit</em></span> <span class='ocrx_word' id='word_1_41' title='bbox 1182 1887 1318 1969; x_wconf 84' lang='lat' dir='ltr'><em>aliquod</em></span> <span class='ocrx_word' id='word_1_42' title='bbox 1330 1889 1458 1968; x_wconf 83' lang='lat' dir='ltr'><em>festum</em></span> <span class='ocrx_word' id='word_1_43' title='bbox 1484 1887 1607 1969; x_wconf 79' lang='lat' dir='ltr'><em>duplex.</em></span> 
     </span>
     <span class='ocr_line' id='line_1_7' title="bbox 401 1973 1608 2058; baseline -0.001 -22"><span class='ocrx_word' id='word_1_44' title='bbox 401 1973 576 2056; x_wconf 82' lang='lat' dir='ltr'><em>Excipitur</em></span> <span class='ocrx_word' id='word_1_45' title='bbox 602 1974 700 2037; x_wconf 90' lang='lat' dir='ltr'><em>etiam</em></span> <span class='ocrx_word' id='word_1_46' title='bbox 728 1973 897 2036; x_wconf 90' lang='lat' dir='ltr'><em>sabbatum</em></span> <span class='ocrx_word' id='word_1_47' title='bbox 927 1973 962 2035; x_wconf 90' lang='lat' dir='ltr'><em>in</em></span> <span class='ocrx_word' id='word_1_48' title='bbox 992 1995 1054 2055; x_wconf 84' lang='lat' dir='ltr'><em>quo</em></span> <span class='ocrx_word' id='word_1_49' title='bbox 1083 1974 1235 2036; x_wconf 82' lang='lat' dir='ltr'><em>incederit</em></span> <span class='ocrx_word' id='word_1_50' title='bbox 1266 1974 1384 2058; x_wconf 59' lang='lat' dir='ltr'><em>vegz&#39;lia</em></span> <span class='ocrx_word' id='word_1_51' title='bbox 1420 1973 1608 2037; x_wconf 76' lang='lat' dir='ltr'><em>natiuitatis</em></span> 
     </span>
     <span class='ocr_line' id='line_1_8' title="bbox 402 2060 935 2144; baseline 0 -20"><span class='ocrx_word' id='word_1_52' title='bbox 402 2061 531 2124; x_wconf 77' lang='lat' dir='ltr'><em>domim</em></span> <span class='ocrx_word' id='word_1_53' title='bbox 541 2071 602 2124; x_wconf 90' lang='lat' dir='ltr'><em>ant</em></span> <span class='ocrx_word' id='word_1_54' title='bbox 615 2060 732 2144; x_wconf 59' lang='lat' dir='ltr'><em>vigilia</em></span> <span class='ocrx_word' id='word_1_55' title='bbox 746 2060 935 2141; x_wconf 85' lang='lat' dir='ltr'><em>Epipleanie.</em></span> 
     </span>
    </p>

    <p class='ocr_par' dir='ltr' id='par_1_4' title="bbox 392 2147 1610 2574">
     <span class='ocr_line' id='line_1_9' title="bbox 467 2147 1608 2229; baseline -0.002 -19"><span class='ocrx_word' id='word_1_56' title='bbox 467 2154 501 2224; x_wconf 64' lang='grc' dir='ltr'><em>(ζ</em></span> <span class='ocrx_word' id='word_1_57' title='bbox 523 2148 716 2211; x_wconf 85' lang='lat' dir='ltr'><em>Notandum</em></span> <span class='ocrx_word' id='word_1_58' title='bbox 753 2155 900 2228; x_wconf 84' lang='lat' dir='ltr'><em>preterea</em></span> <span class='ocrx_word' id='word_1_59' title='bbox 944 2147 1033 2228; x_wconf 85' lang='lat' dir='ltr'><em>quod</em></span> <span class='ocrx_word' id='word_1_60' title='bbox 1063 2147 1157 2225; x_wconf 86' lang='lat' dir='ltr'><em>festa</em></span> <span class='ocrx_word' id='word_1_61' title='bbox 1195 2147 1356 2229; x_wconf 73' lang='lat' dir='ltr'><em>simplicia</em></span> <span class='ocrx_word' id='word_1_62' title='bbox 1392 2148 1428 2210; x_wconf 91' lang='lat' dir='ltr'><em>in</em></span> <span class='ocrx_word' id='word_1_63' title='bbox 1465 2147 1608 2210; x_wconf 91' lang='lat' dir='ltr'><em>sabbatis</em></span> 
     </span>
     <span class='ocr_line' id='line_1_10' title="bbox 400 2233 1610 2315; baseline 0 -19"><span class='ocrx_word' id='word_1_64' title='bbox 400 2236 606 2311; x_wconf 81' lang='lat' dir='ltr'><em>ocaerrentio,</em></span> <span class='ocrx_word' id='word_1_65' title='bbox 620 2236 719 2297; x_wconf 74' lang='lat' dir='ltr'><em>etiam</em></span> <span class='ocrx_word' id='word_1_66' title='bbox 734 2235 768 2296; x_wconf 89' lang='lat' dir='ltr'><em>si</em></span> <span class='ocrx_word' id='word_1_67' title='bbox 787 2233 960 2297; x_wconf 72' lang='lat' dir='ltr'><em>habuerint</em></span> <span class='ocrx_word' id='word_1_68' title='bbox 977 2234 1147 2315; x_wconf 80' lang='lat' dir='ltr'><em>propriam</em></span> <span class='ocrx_word' id='word_1_69' title='bbox 1168 2233 1328 2297; x_wconf 77' lang='lat' dir='ltr'><em>lectionem</em></span> <span class='ocrx_word' id='word_1_70' title='bbox 1352 2234 1556 2310; x_wconf 89' lang='lat' dir='ltr'><em>omittuntur,</em></span> <span class='ocrx_word' id='word_1_71' title='bbox 1577 2243 1610 2296; x_wconf 88' lang='lat' dir='ltr'><em>et</em></span> 
     </span>
     <span class='ocr_line' id='line_1_11' title="bbox 392 2319 1608 2403; baseline -0.002 -19"><span class='ocrx_word' id='word_1_72' title='bbox 392 2320 442 2403; x_wconf 87' lang='lat' dir='ltr'><em>fit</em></span> <span class='ocrx_word' id='word_1_73' title='bbox 456 2331 584 2385; x_wconf 91' lang='lat' dir='ltr'><em>tantum</em></span> <span class='ocrx_word' id='word_1_74' title='bbox 599 2321 854 2384; x_wconf 73' lang='lat' dir='ltr'><em>commemoratio</em></span> <span class='ocrx_word' id='word_1_75' title='bbox 867 2321 907 2382; x_wconf 97' lang='lat' dir='ltr'><em>de</em></span> <span class='ocrx_word' id='word_1_76' title='bbox 920 2321 967 2382; x_wconf 88' lang='lat' dir='ltr'><em>eis</em></span> <span class='ocrx_word' id='word_1_77' title='bbox 981 2320 1017 2382; x_wconf 88' lang='lat' dir='ltr'><em>in</em></span> <span class='ocrx_word' id='word_1_78' title='bbox 1023 2319 1097 2402; x_wconf 84' lang='lat' dir='ltr'><em>fine</em></span> <span class='ocrx_word' id='word_1_79' title='bbox 1103 2321 1220 2401; x_wconf 83' lang='lat' dir='ltr'><em>prime,</em></span> <span class='ocrx_word' id='word_1_80' title='bbox 1232 2331 1269 2384; x_wconf 87' lang='lat' dir='ltr'><em>ut</em></span> <span class='ocrx_word' id='word_1_81' title='bbox 1281 2332 1381 2402; x_wconf 87' lang='lat' dir='ltr'><em>supra</em></span> <span class='ocrx_word' id='word_1_82' title='bbox 1396 2322 1431 2384; x_wconf 91' lang='lat' dir='ltr'><em>in</em></span> <span class='ocrx_word' id='word_1_83' title='bbox 1447 2320 1608 2383; x_wconf 63' lang='lat' dir='ltr'><em>dantum</em></span> 
     </span>
     <span class='ocr_line' id='line_1_12' title="bbox 392 2407 1610 2488; baseline 0 -18"><span class='ocrx_word' id='word_1_84' title='bbox 392 2409 509 2488; x_wconf 81' lang='lat' dir='ltr'><em>primu</em></span> <span class='ocrx_word' id='word_1_85' title='bbox 537 2409 697 2471; x_wconf 91' lang='lat' dir='ltr'><em>aduentus</em></span> <span class='ocrx_word' id='word_1_86' title='bbox 724 2407 914 2488; x_wconf 69' lang='lat' dir='ltr'><em>explicatum</em></span> <span class='ocrx_word' id='word_1_87' title='bbox 943 2417 997 2470; x_wconf 92' lang='lat' dir='ltr'><em>est.</em></span> <span class='ocrx_word' id='word_1_88' title='bbox 1057 2407 1106 2470; x_wconf 90' lang='lat' dir='ltr'><em>Et</em></span> <span class='ocrx_word' id='word_1_89' title='bbox 1125 2407 1280 2470; x_wconf 88' lang='lat' dir='ltr'><em>similiter</em></span> <span class='ocrx_word' id='word_1_90' title='bbox 1299 2409 1497 2471; x_wconf 87' lang='lat' dir='ltr'><em>omittuntur</em></span> <span class='ocrx_word' id='word_1_91' title='bbox 1517 2407 1610 2470; x_wconf 74' lang='lat' dir='ltr'><em>tertie</em></span> 
     </span>
     <span class='ocr_line' id='line_1_13' title="bbox 400 2493 1213 2574; baseline 0 -17"><span class='ocrx_word' id='word_1_92' title='bbox 400 2495 545 2557; x_wconf 75' lang='lat' dir='ltr'><em>lectiones</em></span> <span class='ocrx_word' id='word_1_93' title='bbox 559 2504 753 2557; x_wconf 84' lang='lat' dir='ltr'><em>ocacrrentes</em></span> <span class='ocrx_word' id='word_1_94' title='bbox 767 2494 802 2556; x_wconf 90' lang='lat' dir='ltr'><em>in</em></span> <span class='ocrx_word' id='word_1_95' title='bbox 817 2493 1000 2556; x_wconf 88' lang='lat' dir='ltr'><em>calendario</em></span> <span class='ocrx_word' id='word_1_96' title='bbox 1015 2514 1055 2555; x_wconf 82' lang='lat' dir='ltr'><em>ex</em></span> <span class='ocrx_word' id='word_1_97' title='bbox 1066 2493 1213 2574; x_wconf 72' lang='lat' dir='ltr'><em>epistolis.</em></span> 
     </span>
    </p>

    <p class='ocr_par' dir='ltr' id='par_1_5' title="bbox 401 2579 1611 2750">
     <span class='ocr_line' id='line_1_14' title="bbox 466 2579 1611 2662; baseline -0.001 -18"><span class='ocrx_word' id='word_1_98' title='bbox 466 2587 501 2658; x_wconf 71' lang='lat' dir='ltr'><em>(i</em></span> <span class='ocrx_word' id='word_1_99' title='bbox 526 2582 700 2645; x_wconf 81' lang='lat' dir='ltr'><em>Sciendum</em></span> <span class='ocrx_word' id='word_1_100' title='bbox 715 2590 764 2643; x_wconf 94' lang='lat' dir='ltr'><em>est</em></span> <span class='ocrx_word' id='word_1_101' title='bbox 776 2590 883 2643; x_wconf 88' lang='lat' dir='ltr'><em>autem</em></span> <span class='ocrx_word' id='word_1_102' title='bbox 900 2581 988 2661; x_wconf 85' lang='lat' dir='ltr'><em>quod</em></span> <span class='ocrx_word' id='word_1_103' title='bbox 999 2579 1035 2641; x_wconf 91' lang='lat' dir='ltr'><em>in</em></span> <span class='ocrx_word' id='word_1_104' title='bbox 1049 2580 1191 2662; x_wconf 75' lang='lat' dir='ltr'><em>singulos</em></span> <span class='ocrx_word' id='word_1_105' title='bbox 1211 2579 1301 2643; x_wconf 82' lang='lat' dir='ltr'><em>lton&#39;s</em></span> <span class='ocrx_word' id='word_1_106' title='bbox 1322 2582 1432 2643; x_wconf 92' lang='lat' dir='ltr'><em>omnia</em></span> <span class='ocrx_word' id='word_1_107' title='bbox 1454 2581 1611 2644; x_wconf 91' lang='lat' dir='ltr'><em>dicuntur</em></span> 
     </span>
     <span class='ocr_line' id='line_1_15' title="bbox 401 2667 1058 2750; baseline 0 -19"><span class='ocrx_word' id='word_1_108' title='bbox 401 2678 440 2731; x_wconf 86' lang='lat' dir='ltr'><em>ut</em></span> <span class='ocrx_word' id='word_1_109' title='bbox 453 2669 488 2731; x_wconf 89' lang='lat' dir='ltr'><em>in</em></span> <span class='ocrx_word' id='word_1_110' title='bbox 503 2669 581 2750; x_wconf 76' lang='lat' dir='ltr'><em>alejs</em></span> <span class='ocrx_word' id='word_1_111' title='bbox 595 2668 706 2731; x_wconf 80' lang='lat' dir='ltr'><em>de&#39;ebus</em></span> <span class='ocrx_word' id='word_1_112' title='bbox 716 2676 826 2748; x_wconf 92' lang='lat' dir='ltr'><em>preter</em></span> <span class='ocrx_word' id='word_1_113' title='bbox 839 2667 1058 2747; x_wconf 82' lang='lat' dir='ltr'><em>infrascripta.</em></span> 
     </span>
    </p>
   </div>
   <div class='ocr_carea' id='block_1_4' title="bbox 723 2803 1287 2880">
    <p class='ocr_par' dir='ltr' id='par_1_6' title="bbox 723 2803 1287 2880">
     <span class='ocr_line' id='line_1_16' title="bbox 723 2803 1287 2880; baseline 0.005 -14"><span class='ocrx_word' id='word_1_114' title='bbox 723 2809 758 2880; x_wconf 71' lang='lat' dir='ltr'><em>(i</em></span> <span class='ocrx_word' id='word_1_115' title='bbox 780 2803 822 2867; x_wconf 94' lang='lat' dir='ltr'><em>ln</em></span> <span class='ocrx_word' id='word_1_116' title='bbox 837 2804 989 2880; x_wconf 88' lang='lat' dir='ltr'><em>aduentu,</em></span> <span class='ocrx_word' id='word_1_117' title='bbox 1005 2803 1067 2865; x_wconf 85' lang='lat' dir='ltr'><em>Ad</em></span> <span class='ocrx_word' id='word_1_118' title='bbox 1078 2804 1287 2869; x_wconf 88' lang='lat' dir='ltr'><em>matutinum.</em></span> 
     </span>
    </p>
   </div>
   <div class='ocr_carea' id='block_1_5' title="bbox 467 2914 1520 2998">
    <p class='ocr_par' dir='ltr' id='par_1_7' title="bbox 467 2914 1520 2998">
     <span class='ocr_line' id='line_1_17' title="bbox 467 2914 1520 2998; baseline 0.001 -20"><span class='ocrx_word' id='word_1_119' title='bbox 467 2916 712 2980; x_wconf 82' lang='lat' dir='ltr'><em>Inuitatoreum.</em></span> <span class='ocrx_word' id='word_1_120' title='bbox 758 2915 834 2979; x_wconf 85' lang='lat' dir='ltr'><em>Aue</em></span> <span class='ocrx_word' id='word_1_121' title='bbox 851 2917 967 2993; x_wconf 89' lang='lat' dir='ltr'><em>Maria,</em></span> <span class='ocrx_word' id='word_1_122' title='bbox 983 2917 1090 2998; x_wconf 86' lang='lat' dir='ltr'><em>gratia</em></span> <span class='ocrx_word' id='word_1_123' title='bbox 1107 2914 1215 2998; x_wconf 89' lang='lat' dir='ltr'><em>plena,</em></span> <span class='ocrx_word' id='word_1_124' title='bbox 1230 2915 1386 2979; x_wconf 90' lang='lat' dir='ltr'><em>dominus</em></span> <span class='ocrx_word' id='word_1_125' title='bbox 1401 2925 1520 2980; x_wconf 86' lang='lat' dir='ltr'><em>tecum.</em></span> 
     </span>
    </p>
   </div>
   <div class='ocr_carea' id='block_1_6' title="bbox 923 3052 1087 3132">
    <p class='ocr_par' dir='ltr' id='par_1_8' title="bbox 923 3052 1087 3132">
     <span class='ocr_line' id='line_1_18' title="bbox 923 3052 1087 3132; baseline 0.006 -18"><span class='ocrx_word' id='word_1_126' title='bbox 923 3052 1087 3132; x_wconf 86' lang='lat' dir='ltr'><em>Hymnus.</em></span> 
     </span>
    </p>
   </div>
   <div class='ocr_carea' id='block_1_7' title="bbox 401 3161 1608 4375">
    <p class='ocr_par' dir='ltr' id='par_1_9' title="bbox 477 3161 1606 3247">
     <span class='ocr_line' id='line_1_19' title="bbox 477 3161 1606 3247; baseline -0.004 -18"><span class='ocrx_word' id='word_1_127' title='bbox 477 3166 564 3229; x_wconf 89' lang='lat' dir='ltr'><em>Vem</em></span> <span class='ocrx_word' id='word_1_128' title='bbox 581 3176 675 3241; x_wconf 88' lang='lat' dir='ltr'><em>terra,</em></span> <span class='ocrx_word' id='word_1_129' title='bbox 691 3163 837 3247; x_wconf 90' lang='lat' dir='ltr'><em>ponthus</em></span> <span class='ocrx_word' id='word_1_130' title='bbox 852 3163 965 3226; x_wconf 87' lang='lat' dir='ltr'><em>ethera</em></span> <span class='ocrx_word' id='word_1_131' title='bbox 982 3161 1114 3239; x_wconf 88' lang='lat' dir='ltr'><em>Colunt,</em></span> <span class='ocrx_word' id='word_1_132' title='bbox 1124 3163 1266 3227; x_wconf 90' lang='lat' dir='ltr'><em>adorant</em></span> <span class='ocrx_word' id='word_1_133' title='bbox 1281 3163 1453 3247; x_wconf 88' lang='lat' dir='ltr'><em>predicant</em></span> <span class='ocrx_word' id='word_1_134' title='bbox 1468 3163 1606 3227; x_wconf 89' lang='lat' dir='ltr'><em>Trinam</em></span> 
     </span>
    </p>

    <p class='ocr_par' dir='ltr' id='par_1_10' title="bbox 491 3250 1342 3336">
     <span class='ocr_line' id='line_1_20' title="bbox 491 3250 1342 3336; baseline -0.002 -20"><span class='ocrx_word' id='word_1_135' title='bbox 491 3263 660 3336; x_wconf 86' lang='lat' dir='ltr'><em>regentem</em></span> <span class='ocrx_word' id='word_1_136' title='bbox 678 3251 866 3314; x_wconf 85' lang='lat' dir='ltr'><em>machinam</em></span> <span class='ocrx_word' id='word_1_137' title='bbox 884 3251 1073 3314; x_wconf 81' lang='lat' dir='ltr'><em>Claustrum</em></span> <span class='ocrx_word' id='word_1_138' title='bbox 1091 3252 1193 3313; x_wconf 89' lang='lat' dir='ltr'><em>marie</em></span> <span class='ocrx_word' id='word_1_139' title='bbox 1209 3250 1342 3315; x_wconf 80' lang='lat' dir='ltr'><em>baiulat</em></span> 
     </span>
    </p>

    <p class='ocr_par' dir='ltr' id='par_1_11' title="bbox 401 3335 1608 3508">
     <span class='ocr_line' id='line_1_21' title="bbox 469 3335 1608 3420; baseline -0.003 -17"><span class='ocrx_word' id='word_1_140' title='bbox 469 3340 531 3404; x_wconf 91' lang='lat' dir='ltr'><em>Cui</em></span> <span class='ocrx_word' id='word_1_141' title='bbox 558 3338 659 3414; x_wconf 86' lang='lat' dir='ltr'><em>luna‚⁴</em></span> <span class='ocrx_word' id='word_1_142' title='bbox 684 3338 742 3414; x_wconf 90' lang='lat' dir='ltr'><em>sol,</em></span> <span class='ocrx_word' id='word_1_143' title='bbox 764 3347 798 3400; x_wconf 91' lang='lat' dir='ltr'><em>et</em></span> <span class='ocrx_word' id='word_1_144' title='bbox 823 3339 937 3400; x_wconf 90' lang='lat' dir='ltr'><em>omnia</em></span> <span class='ocrx_word' id='word_1_145' title='bbox 965 3338 1167 3401; x_wconf 88' lang='lat' dir='ltr'><em>Deseruiunt</em></span> <span class='ocrx_word' id='word_1_146' title='bbox 1194 3359 1252 3420; x_wconf 87' lang='lat' dir='ltr'><em>per</em></span> <span class='ocrx_word' id='word_1_147' title='bbox 1274 3347 1448 3420; x_wconf 88' lang='lat' dir='ltr'><em>tempora:</em></span> <span class='ocrx_word' id='word_1_148' title='bbox 1473 3335 1608 3400; x_wconf 78' lang='lat' dir='ltr'><em>Pertusa</em></span> 
     </span>
     <span class='ocr_line' id='line_1_22' title="bbox 401 3423 1007 3508; baseline -0.005 -19"><span class='ocrx_word' id='word_1_149' title='bbox 401 3426 462 3490; x_wconf 89' lang='lat' dir='ltr'><em>celi</em></span> <span class='ocrx_word' id='word_1_150' title='bbox 479 3428 585 3508; x_wconf 87' lang='lat' dir='ltr'><em>gratia</em></span> <span class='ocrx_word' id='word_1_151' title='bbox 601 3434 734 3507; x_wconf 84' lang='lat' dir='ltr'><em>gestant</em></span> <span class='ocrx_word' id='word_1_152' title='bbox 749 3423 858 3506; x_wconf 88' lang='lat' dir='ltr'><em>puelle</em></span> <span class='ocrx_word' id='word_1_153' title='bbox 873 3426 1007 3487; x_wconf 88' lang='lat' dir='ltr'><em>viscera.</em></span> 
     </span>
    </p>

    <p class='ocr_par' dir='ltr' id='par_1_12' title="bbox 402 3509 1606 3683">
     <span class='ocr_line' id='line_1_23' title="bbox 470 3509 1606 3594; baseline -0.002 -18"><span class='ocrx_word' id='word_1_154' title='bbox 470 3514 573 3576; x_wconf 87' lang='lat' dir='ltr'><em>Beata</em></span> <span class='ocrx_word' id='word_1_155' title='bbox 611 3522 716 3574; x_wconf 89' lang='lat' dir='ltr'><em>mater</em></span> <span class='ocrx_word' id='word_1_156' title='bbox 754 3531 899 3587; x_wconf 87' lang='lat' dir='ltr'><em>munere,</em></span> <span class='ocrx_word' id='word_1_157' title='bbox 935 3509 1039 3574; x_wconf 89' lang='lat' dir='ltr'><em>Cuius</em></span> <span class='ocrx_word' id='word_1_158' title='bbox 1076 3530 1237 3594; x_wconf 89' lang='lat' dir='ltr'><em>supernus</em></span> <span class='ocrx_word' id='word_1_159' title='bbox 1274 3509 1404 3588; x_wconf 79' lang='lat' dir='ltr'><em>artifex,</em></span> <span class='ocrx_word' id='word_1_160' title='bbox 1440 3510 1606 3574; x_wconf 89' lang='lat' dir='ltr'><em>Mundum</em></span> 
     </span>
     <span class='ocr_line' id='line_1_24' title="bbox 402 3597 1266 3683; baseline -0.003 -20"><span class='ocrx_word' id='word_1_161' title='bbox 402 3600 529 3683; x_wconf 84' lang='lat' dir='ltr'><em>pugillo</em></span> <span class='ocrx_word' id='word_1_162' title='bbox 545 3600 727 3673; x_wconf 66' lang='lat' dir='ltr'><em>continens</em></span> <span class='ocrx_word' id='word_1_163' title='bbox 743 3597 878 3660; x_wconf 88' lang='lat' dir='ltr'><em>Ventris</em></span> <span class='ocrx_word' id='word_1_164' title='bbox 894 3598 956 3660; x_wconf 89' lang='lat' dir='ltr'><em>sub</em></span> <span class='ocrx_word' id='word_1_165' title='bbox 971 3618 1047 3660; x_wconf 87' lang='lat' dir='ltr'><em>arca</em></span> <span class='ocrx_word' id='word_1_166' title='bbox 1062 3597 1194 3660; x_wconf 89' lang='lat' dir='ltr'><em>clausus</em></span> <span class='ocrx_word' id='word_1_167' title='bbox 1209 3607 1266 3660; x_wconf 77' lang='lat' dir='ltr'><em>est</em></span> 
     </span>
    </p>

    <p class='ocr_par' dir='ltr' id='par_1_13' title="bbox 402 3683 1607 3855">
     <span class='ocr_line' id='line_1_25' title="bbox 470 3683 1607 3766; baseline -0.001 -17"><span class='ocrx_word' id='word_1_168' title='bbox 470 3687 573 3749; x_wconf 87' lang='lat' dir='ltr'><em>Beata</em></span> <span class='ocrx_word' id='word_1_169' title='bbox 610 3685 671 3748; x_wconf 87' lang='lat' dir='ltr'><em>celi</em></span> <span class='ocrx_word' id='word_1_170' title='bbox 710 3686 839 3761; x_wconf 89' lang='lat' dir='ltr'><em>nuncio,</em></span> <span class='ocrx_word' id='word_1_171' title='bbox 879 3683 1036 3747; x_wconf 89' lang='lat' dir='ltr'><em>Fecunda</em></span> <span class='ocrx_word' id='word_1_172' title='bbox 1074 3693 1190 3748; x_wconf 90' lang='lat' dir='ltr'><em>sancto</em></span> <span class='ocrx_word' id='word_1_173' title='bbox 1227 3686 1352 3766; x_wconf 85' lang='lat' dir='ltr'><em>spiritu,</em></span> <span class='ocrx_word' id='word_1_174' title='bbox 1391 3684 1607 3748; x_wconf 88' lang='lat' dir='ltr'><em>Desideratus</em></span> 
     </span>
     <span class='ocr_line' id='line_1_26' title="bbox 402 3771 1061 3855; baseline -0.003 -19"><span class='ocrx_word' id='word_1_175' title='bbox 402 3774 558 3855; x_wconf 85' lang='lat' dir='ltr'><em>gentibus</em></span> <span class='ocrx_word' id='word_1_176' title='bbox 575 3771 678 3836; x_wconf 88' lang='lat' dir='ltr'><em>Cuius</em></span> <span class='ocrx_word' id='word_1_177' title='bbox 693 3792 752 3853; x_wconf 88' lang='lat' dir='ltr'><em>per</em></span> <span class='ocrx_word' id='word_1_178' title='bbox 767 3771 879 3833; x_wconf 90' lang='lat' dir='ltr'><em>aluum</em></span> <span class='ocrx_word' id='word_1_179' title='bbox 898 3771 988 3833; x_wconf 87' lang='lat' dir='ltr'><em>susus</em></span> <span class='ocrx_word' id='word_1_180' title='bbox 1003 3781 1061 3834; x_wconf 91' lang='lat' dir='ltr'><em>est.</em></span> 
     </span>
    </p>

    <p class='ocr_par' dir='ltr' id='par_1_14' title="bbox 402 3857 1606 4028">
     <span class='ocr_line' id='line_1_27' title="bbox 470 3857 1606 3940; baseline 0 -18"><span class='ocrx_word' id='word_1_181' title='bbox 470 3860 577 3922; x_wconf 90' lang='lat' dir='ltr'><em>Maria</em></span> <span class='ocrx_word' id='word_1_182' title='bbox 611 3868 717 3921; x_wconf 89' lang='lat' dir='ltr'><em>mater</em></span> <span class='ocrx_word' id='word_1_183' title='bbox 739 3860 853 3940; x_wconf 83' lang='lat' dir='ltr'><em>gratie,</em></span> <span class='ocrx_word' id='word_1_184' title='bbox 878 3858 987 3920; x_wconf 90' lang='lat' dir='ltr'><em>Mater</em></span> <span class='ocrx_word' id='word_1_185' title='bbox 1018 3858 1238 3921; x_wconf 87' lang='lat' dir='ltr'><em>misericordie</em></span> <span class='ocrx_word' id='word_1_186' title='bbox 1269 3857 1323 3921; x_wconf 87' lang='lat' dir='ltr'><em>Tu</em></span> <span class='ocrx_word' id='word_1_187' title='bbox 1354 3878 1415 3921; x_wconf 91' lang='lat' dir='ltr'><em>nos</em></span> <span class='ocrx_word' id='word_1_188' title='bbox 1442 3858 1485 3922; x_wconf 91' lang='lat' dir='ltr'><em>ab</em></span> <span class='ocrx_word' id='word_1_189' title='bbox 1511 3859 1606 3922; x_wconf 87' lang='lat' dir='ltr'><em>hoste</em></span> 
     </span>
     <span class='ocr_line' id='line_1_28' title="bbox 402 3946 1006 4028; baseline -0.002 -19"><span class='ocrx_word' id='word_1_190' title='bbox 402 3957 539 4028; x_wconf 75' lang='lat' dir='ltr'><em>protege</em></span> <span class='ocrx_word' id='word_1_191' title='bbox 557 3969 563 4008; x_wconf 92' lang='lat'>:</span> <span class='ocrx_word' id='word_1_192' title='bbox 580 3946 624 4008; x_wconf 87' lang='lat' dir='ltr'><em>Et</em></span> <span class='ocrx_word' id='word_1_193' title='bbox 641 3946 721 4007; x_wconf 89' lang='lat' dir='ltr'><em>hora</em></span> <span class='ocrx_word' id='word_1_194' title='bbox 738 3947 852 4008; x_wconf 86' lang='lat' dir='ltr'><em>mortis</em></span> <span class='ocrx_word' id='word_1_195' title='bbox 868 3946 1006 4027; x_wconf 88' lang='lat' dir='ltr'><em>suscipe.</em></span> 
     </span>
    </p>

    <p class='ocr_par' dir='ltr' id='par_1_15' title="bbox 402 4029 1607 4201">
     <span class='ocr_line' id='line_1_29' title="bbox 468 4029 1607 4115; baseline -0.001 -19"><span class='ocrx_word' id='word_1_196' title='bbox 468 4032 582 4097; x_wconf 89' lang='lat' dir='ltr'><em>Gloria</em></span> <span class='ocrx_word' id='word_1_197' title='bbox 609 4032 668 4094; x_wconf 87' lang='lat' dir='ltr'><em>tibi</em></span> <span class='ocrx_word' id='word_1_198' title='bbox 695 4031 839 4107; x_wconf 86' lang='lat' dir='ltr'><em>domine,</em></span> <span class='ocrx_word' id='word_1_199' title='bbox 863 4029 929 4113; x_wconf 88' lang='lat' dir='ltr'><em>Qui</em></span> <span class='ocrx_word' id='word_1_200' title='bbox 956 4041 1055 4094; x_wconf 88' lang='lat' dir='ltr'><em>natus</em></span> <span class='ocrx_word' id='word_1_201' title='bbox 1080 4052 1116 4094; x_wconf 88' lang='lat' dir='ltr'><em>es</em></span> <span class='ocrx_word' id='word_1_202' title='bbox 1142 4031 1184 4093; x_wconf 89' lang='lat' dir='ltr'><em>de</em></span> <span class='ocrx_word' id='word_1_203' title='bbox 1207 4031 1343 4113; x_wconf 84' lang='lat' dir='ltr'><em>virgine,</em></span> <span class='ocrx_word' id='word_1_204' title='bbox 1358 4052 1433 4095; x_wconf 90' lang='lat' dir='ltr'><em>cum</em></span> <span class='ocrx_word' id='word_1_205' title='bbox 1458 4041 1551 4115; x_wconf 89' lang='lat' dir='ltr'><em>patre</em></span> <span class='ocrx_word' id='word_1_206' title='bbox 1573 4043 1607 4096; x_wconf 87' lang='lat' dir='ltr'><em>et</em></span> 
     </span>
     <span class='ocr_line' id='line_1_30' title="bbox 402 4117 1234 4201; baseline -0.001 -19"><span class='ocrx_word' id='word_1_207' title='bbox 402 4130 519 4183; x_wconf 90' lang='lat' dir='ltr'><em>sancto</em></span> <span class='ocrx_word' id='word_1_208' title='bbox 534 4120 658 4201; x_wconf 89' lang='lat' dir='ltr'><em>spiritu,</em></span> <span class='ocrx_word' id='word_1_209' title='bbox 676 4119 715 4181; x_wconf 94' lang='lat' dir='ltr'><em>ln</em></span> <span class='ocrx_word' id='word_1_210' title='bbox 731 4120 933 4199; x_wconf 89' lang='lat' dir='ltr'><em>sempiterna</em></span> <span class='ocrx_word' id='word_1_211' title='bbox 948 4117 1067 4182; x_wconf 87' lang='lat' dir='ltr'><em>secula.</em></span> <span class='ocrx_word' id='word_1_212' title='bbox 1113 4118 1234 4181; x_wconf 86' lang='lat' dir='ltr'><em>Amen.</em></span> 
     </span>
    </p>

    <p class='ocr_par' dir='ltr' id='par_1_16' title="bbox 402 4204 1607 4375">
     <span class='ocr_line' id='line_1_31' title="bbox 468 4204 1607 4288; baseline 0.001 -20"><span class='ocrx_word' id='word_1_213' title='bbox 468 4205 666 4287; x_wconf 84' lang='lat' dir='ltr'><em>Antipbono.</em></span> <span class='ocrx_word' id='word_1_214' title='bbox 712 4205 863 4286; x_wconf 86' lang='lat' dir='ltr'><em>Angelus</em></span> <span class='ocrx_word' id='word_1_215' title='bbox 884 4204 1010 4267; x_wconf 90' lang='lat' dir='ltr'><em>domini</em></span> <span class='ocrx_word' id='word_1_216' title='bbox 1035 4206 1201 4267; x_wconf 89' lang='lat' dir='ltr'><em>nuntiauit</em></span> <span class='ocrx_word' id='word_1_217' title='bbox 1230 4205 1336 4268; x_wconf 91' lang='lat' dir='ltr'><em>Marie</em></span> <span class='ocrx_word' id='word_1_218' title='bbox 1361 4230 1368 4268; x_wconf 74' lang='grc' dir='ltr'><strong><em>ε</em></strong></span> <span class='ocrx_word' id='word_1_219' title='bbox 1393 4216 1428 4269; x_wconf 90' lang='lat' dir='ltr'><em>et</em></span> <span class='ocrx_word' id='word_1_220' title='bbox 1454 4207 1607 4288; x_wconf 90' lang='lat' dir='ltr'><em>concepit</em></span> 
     </span>
     <span class='ocr_line' id='line_1_32' title="bbox 402 4291 941 4375; baseline -0.004 -19"><span class='ocrx_word' id='word_1_221' title='bbox 402 4293 445 4357; x_wconf 91' lang='lat' dir='ltr'><em>de</em></span> <span class='ocrx_word' id='word_1_222' title='bbox 462 4295 577 4375; x_wconf 90' lang='lat' dir='ltr'><em>spiritu</em></span> <span class='ocrx_word' id='word_1_223' title='bbox 594 4301 717 4355; x_wconf 86' lang='lat' dir='ltr'><em>sancto.</em></span> <span class='ocrx_word' id='word_1_224' title='bbox 765 4291 941 4355; x_wconf 90' lang='lat' dir='ltr'><em>Halleluia.</em></span> 
     </span>
    </p>
   </div>
   <div class='ocr_carea' id='block_1_8' title="bbox 683 4426 1324 4503">
    <p class='ocr_par' dir='ltr' id='par_1_17' title="bbox 683 4426 1324 4503">
     <span class='ocr_line' id='line_1_33' title="bbox 683 4426 1324 4503; baseline 0.003 -13"><span class='ocrx_word' id='word_1_225' title='bbox 683 4432 718 4503; x_wconf 70' lang='lat' dir='ltr'><em>{l</em></span> <span class='ocrx_word' id='word_1_226' title='bbox 740 4427 802 4490; x_wconf 83' lang='lat' dir='ltr'><em>Ad</em></span> <span class='ocrx_word' id='word_1_227' title='bbox 813 4427 942 4489; x_wconf 87' lang='lat' dir='ltr'><em>tertiam</em></span> <span class='ocrx_word' id='word_1_228' title='bbox 958 4426 1132 4489; x_wconf 75' lang='lat' dir='ltr'><em>lectionem⁵</em></span> <span class='ocrx_word' id='word_1_229' title='bbox 1148 4426 1324 4492; x_wconf 79' lang='lat' dir='ltr'><em>benedictio.</em></span> 
     </span>
    </p>
   </div>
   <div class='ocr_carea' id='block_1_9' title="bbox 402 4538 1608 4711">
    <p class='ocr_par' dir='ltr' id='par_1_18' title="bbox 402 4538 1608 4711">
     <span class='ocr_line' id='line_1_34' title="bbox 469 4538 1608 4622; baseline 0 -18"><span class='ocrx_word' id='word_1_230' title='bbox 469 4542 531 4604; x_wconf 92' lang='lat' dir='ltr'><em>Per</em></span> <span class='ocrx_word' id='word_1_231' title='bbox 554 4541 715 4622; x_wconf 87' lang='lat' dir='ltr'><em>virginem</em></span> <span class='ocrx_word' id='word_1_232' title='bbox 747 4548 887 4602; x_wconf 87' lang='lat' dir='ltr'><em>matrem</em></span> <span class='ocrx_word' id='word_1_233' title='bbox 918 4538 1080 4601; x_wconf 86' lang='lat' dir='ltr'><em>concedat</em></span> <span class='ocrx_word' id='word_1_234' title='bbox 1104 4538 1200 4602; x_wconf 90' lang='lat' dir='ltr'><em>nobis</em></span> <span class='ocrx_word' id='word_1_235' title='bbox 1225 4539 1380 4604; x_wconf 89' lang='lat' dir='ltr'><em>dominus</em></span> <span class='ocrx_word' id='word_1_236' title='bbox 1407 4539 1546 4604; x_wconf 82' lang='lat' dir='ltr'><em>salutern</em></span> <span class='ocrx_word' id='word_1_237' title='bbox 1574 4551 1608 4604; x_wconf 87' lang='lat' dir='ltr'><em>et</em></span> 
     </span>
     <span class='ocr_line' id='line_1_35' title="bbox 402 4625 757 4711; baseline -0.008 -20"><span class='ocrx_word' id='word_1_238' title='bbox 402 4649 528 4711; x_wconf 86' lang='lat' dir='ltr'><em>pacem.</em></span> <span class='ocrx_word' id='word_1_239' title='bbox 574 4625 621 4708; x_wconf 96' lang='lat'><em>&amp;⁶</em></span> <span class='ocrx_word' id='word_1_240' title='bbox 637 4626 757 4689; x_wconf 87' lang='lat' dir='ltr'><em>Amen.</em></span> 
     </span>
    </p>
   </div>
   <div class='ocr_carea' id='block_1_10' title="bbox 450 4757 1572 4889">
    <p class='ocr_par' dir='ltr' id='par_1_19' title="bbox 450 4757 1572 4889">
     <span class='ocr_line' id='line_1_36' title="bbox 451 4757 1572 4836; baseline 0.003 -25"><span class='ocrx_word' id='word_1_241' title='bbox 451 4762 730 4811; x_wconf 76' lang='lat' dir='ltr'><em>¹Sabbatinum:add</em></span> <span class='ocrx_word' id='word_1_242' title='bbox 745 4774 784 4825; x_wconf 86' lang='lat'><em>39.</em></span> <span class='ocrx_word' id='word_1_243' title='bbox 799 4774 838 4822; x_wconf 87' lang='lat'><em>41.</em></span> <span class='ocrx_word' id='word_1_244' title='bbox 919 4796 925 4807; x_wconf 80' lang='grc'><strong>.</strong></span> <span class='ocrx_word' id='word_1_245' title='bbox 988 4757 1115 4836; x_wconf 62' lang='lat' dir='ltr'><em>⁶onn39.</em></span> <span class='ocrx_word' id='word_1_246' title='bbox 1129 4774 1170 4821; x_wconf 83' lang='lat'><em>41.</em></span> <span class='ocrx_word' id='word_1_247' title='bbox 1328 4760 1462 4812; x_wconf 76' lang='lat' dir='ltr'><em>&#39;Mana:</em></span> <span class='ocrx_word' id='word_1_248' title='bbox 1479 4776 1517 4827; x_wconf 58' lang='lat'><em>39</em></span> <span class='ocrx_word' id='word_1_249' title='bbox 1532 4777 1572 4826; x_wconf 78' lang='lat'><em>41.</em></span> 
     </span>
     <span class='ocr_line' id='line_1_37' title="bbox 450 4823 1456 4889; baseline 0.001 -12"><span class='ocrx_word' id='word_1_250' title='bbox 450 4827 523 4878; x_wconf 85' lang='lat' dir='ltr'><em>⁴om.</em></span> <span class='ocrx_word' id='word_1_251' title='bbox 538 4842 577 4889; x_wconf 85' lang='lat'><em>41.</em></span> <span class='ocrx_word' id='word_1_252' title='bbox 987 4823 1145 4876; x_wconf 64' lang='lat' dir='ltr'><em>‘meato</em></span> <span class='ocrx_word' id='word_1_253' title='bbox 1328 4823 1456 4879; x_wconf 64' lang='lat' dir='ltr'><em>‘orabo</em></span> 
     </span>
    </p>
   </div>
   <div class='ocr_carea' id='block_1_11' title="bbox 1415 4908 1521 4959">
    <p class='ocr_par' dir='ltr' id='par_1_20' title="bbox 1415 4908 1521 4959">
     <span class='ocr_line' id='line_1_38' title="bbox 1415 4908 1521 4959; baseline 0 -1"><span class='ocrx_word' id='word_1_254' title='bbox 1415 4908 1521 4959; x_wconf 90' lang='lat' dir='ltr'><em>2C2</em></span> 
     </span>
    </p>
   </div>
   <div class='ocr_carea' id='block_1_12' title="bbox 0 0 2010 5759">
    <p class='ocr_par' dir='ltr' id='par_1_21' title="bbox 0 0 2010 5759">
     <span class='ocr_line' id='line_1_39' title="bbox 0 0 2010 5759; baseline 0 0"><span class='ocrx_word' id='word_1_255' title='bbox 0 0 2010 5759; x_wconf 95' lang='lat' dir='ltr'><em> </em></span> 
     </span>
    </p>
   </div>
  </div>
 </body>
</html>
