3992 5759
459 831 585 895 Sancte
603 830 747 893 loannes

460 918 585 981 Sancte
602 917 725 979 Iacobe

461 1004 587 1068 Sancte
604 1004 758 1085 Philippe

461 1091 587 1154 Sancte
608 1089 744 1152 Tboma

463 1177 589 1240 Sancte
605 1173 853 1239 Bartholomee¹

462 1262 588 1326 Sancte
605 1263 758 1325 Matthee

463 1348 589 1412 Sancte
605 1349 723 1412 Simon

463 1435 589 1499 Sancte
604 1435 769 1498 Thaddee

463 1521 589 1586 Sancte
605 1522 736 1583 Mathia

462 1606 589 1671 Sancte
606 1608 761 1670 Bamaba

465 1693 590 1758 Sancte
612 1694 706 1756 Luca

466 1779 592 1844 Sancte
609 1781 723 1843 Marce

466 1866 599 1931 Omnes
613 1868 720 1929 sancti
736 1867 890 1949 apostoli,
904 1877 938 1929 et
953 1866 1171 1949 euangeliste,
1184 1875 1278 1930 orate
1295 1887 1357 1949 pro
1381 1866 1494 1931 nobis.

468 1953 600 2017 Omnes
614 1955 721 2015 sancti
737 1954 892 2037 discipuli
907 1953 1048 2029 domini,
1061 1964 1156 2016 orate
1172 1973 1233 2034 pro
1248 1953 1356 2017 nobis,

467 2039 600 2104 Omnes
614 2042 721 2102 sancti
738 2041 935 2104 innocentes
948 2050 1043 2102 orate
1059 2060 1121 2122 pro
1135 2040 1241 2103 nobis

469 2125 595 2190 Sancte
611 2126 784 2208 Stephane

469 2212 595 2276 Sancte
611 2212 785 2276 Laurenti³

470 2298 595 2362 Sancte
611 2299 770 2362 Vincenti

470 2384 595 2449 Sancte
613 2386 761 2449 fabiane

471 2471 596 2535 Sancte
613 2471 811 2536 Sebastiane

471 2557 587 2621 Sancti
607 2559 760 2635 loannes,
774 2570 808 2622 et
826 2559 928 2622 Paule
943 2570 1036 2622 orate
1052 2580 1113 2642 pro
1129 2559 1234 2621 nobis,

472 2645 587 2708 Sancti
604 2643 738 2720 Cosma,
752 2656 787 2708 et
804 2646 972 2709 Damiane
987 2657 1081 2709 orate
1097 2667 1157 2728 pro
1172 2646 1276 2709 nobis

473 2730 589 2795 Sancti
606 2730 746 2795 Gemasi
761 2744 795 2795 et
813 2733 965 2796 Prothasi
981 2742 1075 2797 orate
1091 2754 1152 2814 pro
1167 2733 1271 2795 nobis

472 2816 604 2881 Omnes
619 2821 725 2880 sancti
743 2832 916 2901 martyres,
931 2830 1025 2882 orate
1041 2840 1102 2902 pro
1118 2820 1222 2882 nobis.

475 2904 599 2968 Sancte
616 2903 777 2968 Siluester
1569 2926 1638 2969 ora.

476 2989 600 3054 Sancte
616 2991 756 3073 Gregori
1568 3014 1637 3056 ora

477 3076 601 3141 Sancte
617 3077 809 3159 Augustine
1569 3100 1638 3142 ora

477 3163 602 3228 Sancte
619 3164 779 3228 Ambrosi
1568 3187 1637 3228 ora

478 3249 602 3314 Sancte
620 3250 832 3332 Hieronyme
1567 3273 1637 3316 ora.

478 3336 602 3401 Sancte
619 3337 765 3401 Martine
1567 3361 1636 3403 ora

479 3423 602 3488 Sancte
620 3423 759 3487 Nicolae
1567 3446 1636 3490 ora.

478 3510 607 3574 Omnes
622 3513 729 3574 sancti
747 3511 922 3594 pontifices
937 3522 971 3575 et
986 3511 1200 3587 confessores
1215 3521 1308 3576 orate
1324 3532 1384 3595 pro
1400 3512 1509 3576 nobis,

478 3597 608 3661 Omnes
623 3600 729 3660 sancti
745 3598 900 3662 doctores
1528 3610 1633 3663 orate.

481 3683 605 3748 Sancte
622 3684 751 3747 Antoni
1565 3706 1634 3749 ora.

479 3770 603 3835 Sancte
619 3770 800 3834 Benedicte
1566 3793 1634 3836 ora

479 3856 603 3922 Sancte
621 3858 796 3921 Francisce
1566 3880 1635 3922 ora.

481 3945 604 4010 Sancte
629 3945 807 4008 Dominice
1566 3967 1626 4008 ora

482 4031 605 4096 Sancte
622 4031 791 4095 Bemarde
1565 4053 1635 4096 ora.

482 4119 611 4183 Omnes
626 4121 732 4182 sancti
751 4118 920 4195 Monachi,
935 4129 969 4182 et
984 4121 1130 4195 eremite,
1145 4130 1239 4183 orate
1254 4140 1315 4202 pro
1330 4118 1435 4182 nobis.

482 4206 611 4270 Omnes
626 4209 731 4269 sancti
748 4208 946 4282 sacerdotes,
961 4216 995 4270 et
1012 4207 1121 4282 leuite,
1135 4216 1228 4270 orate
1244 4227 1304 4289 pro
1321 4205 1424 4268 nobis

482 4292 607 4357 Sancta
623 4296 726 4356 maria
740 4292 940 4377 magdalena
1566 4313 1634 4355 ora

483 4379 608 4444 Sancta
624 4380 743 4462 Agnes
1564 4400 1634 4442 ora.

483 4465 609 4530 Sancta
626 4468 731 4530 Lucia
1565 4486 1635 4537 ora„

484 4551 610 4617 Sancta
626 4554 750 4618 Cecilia
1564 4573 1634 4617 ora

465 4734 474 4766 ¹
492 4737 682 4790 Bartholmaee:
701 4737 740 4802 38.
1072 4736 1084 4769 ²
1100 4738 1245 4789 Laurentii:
1264 4735 1303 4801 3&
